%% This BibTeX bibliography file was created using BibDesk.
%% http://bibdesk.sourceforge.net/


%% Created for Kevin Thornton at 2008-04-14 09:19:28 -0700 

%% Saved with string encoding Western (ASCII) 



@Article{jensen.plosgen.2008,
  author = 	 { J. D. Jensen and K. R. Thornton and P. Andolfatto },
  title = 	 {An approximate Bayesian estimator suggests strong recurrent selective sweeps in {\textit{Drosophila}}},
  journal = 	 {PLoS Genetics},
  year = 	 {2008},
  OPTkey = 	 {},
  volume = 	 {4},
  OPTnumber = 	 {},
  pages = 	 {e1000198},
  OPTmonth = 	 {},
  OPTnote = 	 {},
  OPTannote = 	 {}
}

@Article{bartolome.genetics.2005,
  author = 	 {C. Bartolome and X. Maside and S. Yi and A. L. Grant and B. Charlesworth},
  title = 	 {Patterns of selection on synonymous and nonsynonymous variants in {\textit{Drosophila miranda}}},
  journal = 	 {Genetics},
  year = 	 {2005},
  OPTkey = 	 {},
  volume = 	 {169},
  OPTnumber = 	 {},
  pages = 	 {1495-1507},
  OPTmonth = 	 {},
  OPTnote = 	 {},
  OPTannote = 	 {}
}

@Article{maside.charlesworth.genetics.2007,
  author = 	 {X. Maside and B. Charlesworth},
  title = 	 {Patterns of molecular variation and evolution in {\textit{Drosophila americana}} and its relatives},
  journal = 	 {Genetics},
  year = 	 {2007},
  OPTkey = 	 {},
  volume = 	 {176},
  OPTnumber = 	 {},
  pages = 	 {2293-2305},
  OPTmonth = 	 {},
  OPTnote = 	 {},
  OPTannote = 	 {}
}

@Article{fww.genetics.2001,
  author = 	 {J. C. Fay and G. J. Wyckoff and C.-I Wu},
  title = 	 {Positive and negative selection on the human genome},
  journal = 	 {Genetics},
  year = 	 {2001},
  OPTkey = 	 {},
  volume = 	 {158},
  OPTnumber = 	 {},
  pages = 	 {1227-1234},
  OPTmonth = 	 {},
  OPTnote = 	 {},
  OPTannote = 	 {}
}

@Article{ewkeightley.nrg.2007,
  author = 	 {A. Eyre-Walker and P. D. Keightley},
  title = 	 {The distribution of fitness effects of new mutations},
  journal = 	 {Nature Reviews Genetics},
  year = 	 {2007},
  OPTkey = 	 {},
  volume = 	 {8},
  OPTnumber = 	 {},
  pages = 	 {610-618},
  OPTmonth = 	 {},
  OPTnote = 	 {},
  OPTannote = 	 {}
}

@Article{haddrill.mbe.2008,
  author = 	 {P. Haddrill and D. Bachtrog and P. Andolfatto},
  title = 	 {Positive and negative selection on noncoding DNA in {\textit{Drosophila simulans}}},
  journal = 	 {Mol. Biol. Evol.},
  year = 	 {In Press},
  OPTkey = 	 {},
  OPTvolume = 	 {},
  OPTnumber = 	 {},
  OPTpages = 	 {},
  OPTmonth = 	 {},
  OPTnote = 	 {},
  OPTannote = 	 {}
}

@Article{takahashi.mbe.2004,
  author = 	 {A. Takahashi and Y.H. Liu and N. Saitou},
  title = 	 {Genetic variation versus recombination in a structured mouse population},
  journal = 	 {Mol. Biol. Evol.},
  year = 	 {2004},
  OPTkey = 	 {},
  volume = 	 {21},
  OPTnumber = 	 {},
  pages = 	 {404-409},
  OPTmonth = 	 {},
  OPTnote = 	 {},
  OPTannote = 	 {}
}

@Article{eyrewalker.tree.2006,
  author = 	 {A. Eyre-Walker},
  title = 	 {The rate of adaptive evolution at the molecular level},
  journal = 	 {Trends in Ecology and Evolution},
  year = 	 {2006},
  OPTkey = 	 {},
  volume = 	 {21},
  OPTnumber = 	 {},
  pages = 	 {569-575},
  OPTmonth = 	 {},
  OPTnote = 	 {},
  OPTannote = 	 {}
}

@Article{charlesworth.genetres.1994,
  author = 	 {B. Charlesworth},
  title = 	 {The effect of background selection against deleterious mutations on weakly selected, linked variants},
  journal = 	 {Genetical Research},
  year = 	 {1994},
  OPTkey = 	 {},
  volume = 	 {63},
  OPTnumber = 	 {},
  pages = 	 {213-227},
  OPTmonth = 	 {},
  OPTnote = 	 {},
  OPTannote = 	 {}
}

@Article{payseur.gene.2002,
  author = 	 {B. Payseur and M. Nachman},
  title = 	 {Natural selection at linked sites in humans},
  journal = 	 {Gene},
  year = 	 {2002},
  OPTkey = 	 {2002},
  volume = 	 {300},
  OPTnumber = 	 {},
  pages = 	 {31-42},
  OPTmonth = 	 {},
  OPTnote = 	 {},
  OPTannote = 	 {}
}

@Article{nachman.tig.2001,
  author = 	 {M. Nachman},
  title = 	 {Single nucleotide polymorphisms and recombination rate in humans},
  journal = 	 {Trends in Genetics},
  year = 	 {2001},
  OPTkey = 	 {},
  volume = 	 {17},
  OPTnumber = 	 {},
  pages = 	 {481-485},
  OPTmonth = 	 {},
  OPTnote = 	 {},
  OPTannote = 	 {}
}

@Article{roselius.genetics.2005,
  author = 	 {K. Roselius and W. Stephan and T. Stadler},
  title = 	 {The relationship of nucleotide polymorphism, recombination rate and selection in wild tomato species},
  journal = 	 {Genetics},
  year = 	 {2005},
  OPTkey = 	 {},
  volume = 	 {171},
  OPTnumber = 	 {},
  pages = 	 {753-763},
  OPTmonth = 	 {},
  OPTnote = 	 {},
  OPTannote = 	 {}
}

@Article{hellman.amjhg.2003,
  author = 	 {I. Hellmann and I. Ebersberger and M. Przeworski},
  title = 	 {A neutral explanation for the correlation of diversity with recombination rates in humans },
  journal = 	 {American Journal of Human Genetics},
  year = 	 {2003},
  OPTkey = 	 {},
  volume = 	 {72},
  OPTnumber = 	 {},
  pages = 	 {1527-1535},
  OPTmonth = 	 {},
  OPTnote = 	 {},
  OPTannote = 	 {}
}

@Article{bullaughey.genres.2008,
  author = 	 {K. Bullaughey and M. Przeworski and G. Coop},
  title = 	 {No effect of recombination on the efficacy of natural selection in primates},
  journal = 	 {Genome Research},
  year = 	 {2008},
  OPTkey = 	 {},
  volume = 	 {18},
  OPTnumber = 	 {},
  pages = 	 {544-554},
  OPTmonth = 	 {},
  OPTnote = 	 {},
  OPTannote = 	 {}
}

@Article{mantel.jasa.1963,
  author = 	 {N. Mantel},
  title = 	 {Chi-square tests with one degree of freedom: extensions of the Mantel-Haenszel procedure},
  journal = 	 {Journal of the  American Statistical Association},
  year = 	 {1963},
  OPTkey = 	 {},
  volume = 	 {58},
  OPTnumber = 	 {},
  pages = 	 {690-700},
  OPTmonth = 	 {},
  OPTnote = 	 {},
  OPTannote = 	 {}
}

@Article{nordborg.plosbio.2005,
  author = 	 {Nordborg, M. and T. T. Hu and  Y. Ishino and  J. Jhaveri and  C. Toomajian and  H. Zheng and  E. Bakker and  P. Calabrese and  J. Gladstone and  R. Goyal and  M. Jakobsson and  S. Kim and  Y. Morozov and  B. Padhukasahasram and  V. Plagnol and  N. A. Rosenberg and  C. Shah and  J. Wall and  J. Wang and  K. Zhao and  T. Kalbfleisch and  V. Schultz and  M. Kreitman and J. Bergelson},
  title = 	 {The pattern of polymorphism in {\textit{Arabidopsis thaliana}}},
  journal = 	 {PloS Biology},
  year = 	 {2005},
  OPTkey = 	 {},
  volume = 	 {3},
  OPTnumber = 	 {},
  pages = 	 {e196},
  OPTmonth = 	 {},
  OPTnote = 	 {},
  OPTannote = 	 {}
}

@Article{foxe.mbe.2008,
  author = 	 {Foxe, J. P. and V.-N. Dar and H. Zheng and M. Nordborg and B. S. Gaut and S. I. Wright},
  title = 	 {Selection on Amino Acid Substitutions in {\textit{Arabidopsis}}},
  journal = 	 {Mol. Biol. Evol.},
  year = 	 {2008},
  OPTkey = 	 {},
  volume = 	 {25},
  OPTnumber = 	 {},
  pages = 	 {1375-1383},
  OPTmonth = 	 {},
  OPTnote = 	 {},
  OPTannote = 	 {}
}

@Article{jenkins.proc.1995,
  author = 	 {Jenkins, D. and C. Ortori and J. Brookfield},
  title = 	 {A test for adaptive change in DNA sequences controlling transcription},
  journal = 	 {Proc. Biol. Soc.},
  year = 	 {1995},
  OPTkey = 	 {},
  volume = 	 {261},
  OPTnumber = 	 {},
  pages = 	 {203-207},
  OPTmonth = 	 {},
  OPTnote = 	 {},
  OPTannote = 	 {}
}

@Article{ludwig.mbe.1995,
  author = 	 {Ludwig, M. and M. Kreitman },
  title = 	 {Evolutionary dynamics of the enhancer region of {\textit{even-skipped}} in Drosophila},
  journal = 	 {Mol. Biol. Evol.},
  year = 	 {1995},
  OPTkey = 	 {},
  volume = 	 {12},
  OPTnumber = 	 {},
  pages = 	 {1002-1011},
  OPTmonth = 	 {},
  OPTnote = 	 {},
  OPTannote = 	 {}
}

@Article{macdonald.eos.mbe.2005,
  author = 	 {MacDonald, S. J. and A. D. Long},
  title = 	 {Identifying Signatures of Selection at the {\textit{Enhancer of split}} Neurogenic Gene Complex in {\textit{Drosophila}}},
  journal = 	 {Molecular Biology and Evolution},
  year = 	 {2005},
  OPTkey = 	 {},
  volume = 	 {22},
  OPTnumber = 	 {},
  pages = 	 {607 - 619},
  OPTmonth = 	 {},
  OPTnote = 	 {},
  OPTannote = 	 {}
}

@Article{macdonald.eos.genetics.2005,
  author =       {MacDonald, S. J. and T. Pastinen and A. D. Long},
  title =        {The Effect of Polymorphisms in the {\textit{Enhancer of split}
} Gene Complex on Bristle Number Variation in a Large Wild-Caught Cohort of {\te
xtit{Drosophila melanogaster}}},
  journal =      {Genetics},
  year =         {2005},
  OPTkey =       {},
  volume =       {171},
  OPTnumber =    {},
  pages =        {1741-1756},
  OPTmonth =     {},
  OPTnote =      {},
  OPTannote =    {}
}


@Book{agresti:categorical,
  author = 	 {A. Agresti},
  ALTeditor = 	 {},
  title = 	 {Categorical Data Analysis},
  publisher = 	 {Wiley-Interscience},
  year = 	 {2002},
  OPTkey = 	 {},
  OPTvolume = 	 {},
  OPTnumber = 	 {},
  OPTseries = 	 {},
  OPTaddress = 	 {},
  edition = 	 {Second},
  OPTmonth = 	 {},
  OPTnote = 	 {},
  OPTannote = 	 {}
}

@Article{ohta.annreves.1992,
  author = 	 {T. Ohta},
  title = 	 {The nearly neutral theory of molecular evolution},
  journal = 	 {Annual review of ecology and systematics},
  year = 	 {1992},
  OPTkey = 	 {},
  volume = 	 {23},
  OPTnumber = 	 {},
  pages = 	 {263-286},
  OPTmonth = 	 {},
  OPTnote = 	 {},
  OPTannote = 	 {}
}

@Book{gillespie:causes,
  author = 	 {J. Gillespie},
  OPTeditor = 	 {},
  title = 	 {The causes of molecular evolution},
  publisher = 	 {Oxford University Press},
  year = 	 {1991},
  OPTkey = 	 {},
  OPTvolume = 	 {},
  OPTnumber = 	 {},
  OPTseries = 	 {},
  OPTaddress = 	 {},
  OPTedition = 	 {},
  OPTmonth = 	 {},
  OPTnote = 	 {},
  OPTannote = 	 {}
}

@Article{bachtrog.andolfatto.genetics.2006,
  author = 	 {D. Bachtrog and P. Andolfatto},
  title = 	 {Selection, Recombination and Demographic History in {\textit{Drosophila miranda}}},
  journal = 	 {Genetics},
  year = 	 {2006},
  OPTkey = 	 {},
  volume = 	 {174},
  OPTnumber = 	 {},
  pages = 	 {2045-2059},
  OPTmonth = 	 {},
  OPTnote = 	 {},
  OPTannote = 	 {}
}

@Article{charlesworth.ew.mbe.2006,
  author = 	 {J. Charlesworth and A. Eyre-Walker},
  title = 	 {The Rate of Adaptive Evolution in Enteric Bacteria},
  journal = 	 {Molecular Biology and Evolution},
  year = 	 {2006},
  OPTkey = 	 {},
  volume = 	 {23},
  OPTnumber = 	 {},
  pages = 	 {1348-1356},
  OPTmonth = 	 {},
  OPTnote = 	 {},
  OPTannote = 	 {}
}

@Article{bierne.ew.mbe.2004,
  author = 	 {N. Bierne and A. Eyre-Walker},
  title = 	 {The Genomic Rate of Adaptive Amino Acid Substitution in {\textit{Drosophila}}},
  journal = 	 {Molecular Biology and Evolution},
  year = 	 {2004},
  OPTkey = 	 {},
  volume = 	 {21},
  OPTnumber = 	 {},
  pages = 	 {1350-1360},
  OPTmonth = 	 {},
  OPTnote = 	 {},
  OPTannote = 	 {}
}

@Article{hill.robertson.interference,
  author = 	 {W. G. Hill and A. Robertson},
  title = 	 {The effect of linkage on the limits to artificial selection},
  journal = 	 {Genetical Research},
  year = 	 {1966},
  OPTkey = 	 {},
  volume = 	 {8},
  OPTnumber = 	 {},
  pages = 	 {269-294},
  OPTmonth = 	 {},
  OPTnote = 	 {},
  OPTannote = 	 {}
}

@Article{bustamante.tpb.2003,
  author = 	 {C. D. Bustamante and R. Nielsen and D. L. Hartl },
  title = 	 {Maximum likelihood and Bayesian methods for estimating the distribution of selective effects among classes of mutations using DNA polymorphism data},
  journal = 	 {Theoretical Population Biology},
  year = 	 {2003},
  OPTkey = 	 {},
  volume = 	 {63},
  OPTnumber = 	 {},
  pages = 	 {91-103},
  OPTmonth = 	 {},
  OPTnote = 	 {},
  OPTannote = 	 {}
}

@Article{kohn.mbe.2004,
  author = 	 { M. H. Kohn and S. Fang and C.-I Wu},
  title = 	 {Inference of Positive and Negative Selection on the 5' Regulatory Regions of Drosophila Genes},
  journal = 	 {Molecular Biology and Evolution},
  year = 	 {2004},
  OPTkey = 	 {},
  volume = 	 {21},
  OPTnumber = 	 {},
  pages = 	 {374-383},
  OPTmonth = 	 {},
  OPTnote = 	 {},
  OPTannote = 	 {}
}

@Article{jakobsson.rosenberg.tpb.2007,
  author = 	 {M. Jakobsson and N. A. Rosenberg},
  title = 	 {The probability distribution under a population divergence model of the number of genetic founding lineages of a population or species},
  journal = 	 {Theoretical Population Biology},
  year = 	 {2007},
  OPTkey = 	 {},
  volume = 	 {71},
  OPTnumber = 	 {},
  pages = 	 {502-523},
  OPTmonth = 	 {},
  OPTnote = 	 {},
  OPTannote = 	 {}
}

@Book{ashburner.bible,
  author = 	 {Ashburner, M. And K. G. Golic and R. S. Hawley},
  OPTALTeditor = 	 {},
  title = 	 {{\textit{Drosophila}}: A laboratory handbook},
  publisher = 	 {CSHL Press},
  year = 	 {2005},
  OPTkey = 	 {},
  OPTvolume = 	 {},
  OPTnumber = 	 {},
  OPTseries = 	 {},
  OPTaddress = 	 {},
  edition = 	 {Second},
  OPTmonth = 	 {},
  OPTnote = 	 {},
  OPTannote = 	 {}
}

@Article{charlesworth.eyrewalker.mbe.2008,
  author = 	 {Charlesworth, J. and E. Eyre-Walker},
  title = 	 {The McDonald-Kreitman test and slightly deleterious mutations},
  journal = 	 {Mol. Biol. Evol.},
  year = 	 {2008},
  OPTkey = 	 {},
  volume = 	 {25},
  OPTnumber = 	 {},
  pages = 	 {1007-1015},
  OPTmonth = 	 {},
  OPTnote = 	 {},
  OPTannote = 	 {}
}

@Article{haagliautard.nature.2007,
  author = 	 {Haag-Liautard, C. and M. Dorris and X. Maside and S. Macaskill and D. L. Halligan and B. Charlesworh and P. D. Keightley},
  title = 	 {Direct estimation of per nucleotide and genomic deleterious mutation rates in Drosophila },
  journal = 	 {NAture},
  year = 	 {2007},
  OPTkey = 	 {},
  volume = 	 {445},
  OPTnumber = 	 {},
  pages = 	 {82-85},
  OPTmonth = 	 {},
  OPTnote = 	 {},
  OPTannote = 	 {}
}

@Article{macpherson.genetics.2007,
  author = 	 { Macpherson, J. M. and G. Sella and J. C. Davis and D. A. Petrov },
  title = 	 {Hitchhiking effects of recurrent beneficial amino acid substitutions in the {\textit{Drosophila melanogaster}} genome},
  journal = 	 {Genetics},
  year = 	 {2007},
  OPTkey = 	 {},
  volume = 	 {177},
  OPTnumber = 	 {},
  pages = 	 {2083-2099},
  OPTmonth = 	 {},
  OPTnote = 	 {},
  OPTannote = 	 {}
}

@Article{andolfatto.genres.2007,
  author = 	 {P. Andolfatto},
  title = 	 {Hitchhiking effects of recurrent beneficial amino acid substitutions in the {\textit{Drosophila melanogaster}} genome},
  journal = 	 {Genome Research},
  year = 	 {2007},
  OPTkey = 	 {},
  volume = 	 {17},
  OPTnumber = 	 {},
  pages = 	 {1755-1762},
  OPTmonth = 	 {},
  OPTnote = 	 {},
  OPTannote = 	 {}
}

@Article{begun:recombination,
  author = 	 {Begun, D. J. and C. F. Aquadro},
  title = 	 { Levels of naturally occurring DNA polymorphism correlate with recombination rate in D. melanogaster},
  journal = 	 {Nature},
  year = 	 {1992},
  OPTkey = 	 {},
  volume = 	 {356},
  OPTnumber = 	 {},
  pages = 	 {519-520},
  OPTmonth = 	 {},
  OPTnote = 	 {},
  OPTannote = 	 {}
}

@Article{sawyer.hartl.prf,
  author = 	 {Sawyer, S. and D. L. Hartl},
  title = 	 {Population genetics of polymorphism and divergence},
  journal = 	 {Genetics},
  year = 	 1992,
  volume = 	 132,
  pages = 	 {1161-1176}}

@Article{hey.nielsen.2007,
  author = 	 {Hey, J. and R. Nielsen},
  title = 	 {Improved integration with the Felsenstein equation for improved Marcov Chain Monte Carlo methods in population genetics},
  journal = 	 {PNAS},
  year = 	 2007,
  volume = 	 104,
  pages = 	 {2785-2790}}

@Article{griffiths.tavare:varying,
  author = 	 {Griffiths, R. C. and S. Tavare},
  title = 	 {Sampling theory for neutral alleles in a varying environment},
  journal = 	 {Philosophical transactions: biological sciences},
  year = 	 1994,
  volume = 	 334,
  pages = 	 {403-410}}

@Book{stroustrup,
  author = 	 {Stroustrup, B.},
  title = 	 {The C++ programming language},
  publisher = 	 {Addison-Wesley},
  year = 	 1997,
  address = 	 {Reading, MA},
  edition = 	 {3rd}}

@Article{zeng:hprime,
  author = 	 {Zeng, K. and S. Shi and C.-I Wu},
  title = 	 {Compound Tests for the Detection of Hitchhiking Under Positive Selection},
  journal = 	 {Molecular Biology and Evolution},
  year = 	 2007,
  volume = 	 24,
  pages = 	 {1898-1908}}

@article{hamilton.abc.2005,
	Author = {Hamilton, G. and M. Stoneking and L. Excoffier},
	Date-Added = {2008-04-14 09:17:43 -0700},
	Date-Modified = {2008-04-14 09:19:04 -0700},
	Journal = {PNAS},
	Pages = {746-7480},
	Title = {Molecular analysis reveals tighter social regulation of immigration in patrilocal populations than in matrilocal populations},
	Volume = {102},
	Year = {2005},
	Bdsk-File-1 = {YnBsaXN0MDDUAQIDBAUGCQpYJHZlcnNpb25UJHRvcFkkYXJjaGl2ZXJYJG9iamVjdHMSAAGGoNEHCFRyb290gAFfEA9OU0tleWVkQXJjaGl2ZXKoCwwXGBkdJCVVJG51bGzTDQ4PEBEUViRjbGFzc1dOUy5rZXlzWk5TLm9iamVjdHOAB6ISE4ACgAOiFRaABIAGWWFsaWFzRGF0YVxyZWxhdGl2ZVBhdGjSDRobHFdOUy5kYXRhgAVPEQGUAAAAAAGUAAIAAAxNYWNpbnRvc2ggSEQAAAAAAAAAAAAAAAAAAADBCw5oSCsAAAAd7fwRSGFtaWx0b24yMDA1Yi5wZGYAAAAAAAAAAAAAAAAAAAAAAAAAAAAAAAAAAAAAAAAAAAAAAAAAAAAAAAAAAAAAAHcFKMQo0UtQREYgAAAAAAABAAIAAAkgAAAAAAAAAAAAAAAAAAAABlBhcGVycwAQAAgAAMELcNgAAAARAAgAAMQpM7sAAAABABAAHe38ABcBYAAW5/IAAG7oAAIAO01hY2ludG9zaCBIRDpVc2VyczprZXZpbjpEb2N1bWVudHM6UGFwZXJzOkhhbWlsdG9uMjAwNWIucGRmAAAOACQAEQBIAGEAbQBpAGwAdABvAG4AMgAwADAANQBiAC4AcABkAGYADwAaAAwATQBhAGMAaQBuAHQAbwBzAGgAIABIAEQAEgAuVXNlcnMva2V2aW4vRG9jdW1lbnRzL1BhcGVycy9IYW1pbHRvbjIwMDViLnBkZgATAAEvAAAVAAIADP//AADSHh8gIVgkY2xhc3Nlc1okY2xhc3NuYW1loyEiI11OU011dGFibGVEYXRhVk5TRGF0YVhOU09iamVjdF8QGy4uL1BhcGVycy9IYW1pbHRvbjIwMDViLnBkZtIeHyYnoicjXE5TRGljdGlvbmFyeQAIABEAGgAfACkAMgA3ADoAPwBBAFMAXABiAGkAcAB4AIMAhQCIAIoAjACPAJEAkwCdAKoArwC3ALkCUQJWAl8CagJuAnwCgwKMAqoCrwKyAAAAAAAAAgEAAAAAAAAAKAAAAAAAAAAAAAAAAAAAAr8=}}


@InCollection{,
  author = 	 {},
  title = 	 {},
  booktitle = 	 {},
  OPTcrossref =  {},
  OPTkey = 	 {},
  OPTpages = 	 {},
  OPTpublisher = {},
  OPTyear = 	 {},
  OPTeditor = 	 {},
  OPTvolume = 	 {},
  OPTnumber = 	 {},
  OPTseries = 	 {},
  OPTtype = 	 {},
  OPTchapter = 	 {},
  OPTaddress = 	 {},
  OPTedition = 	 {},
  OPTmonth = 	 {},
  OPTnote = 	 {},
  OPTannote = 	 {}
}

@InCollection{HudsonKaplanBGSChapter,
	Author = {Hudson, R. R. and N. Kaplan},
booktitle = {Non-neutral evolution: theories and molecular data},
	Date-Added = {2007-12-04 13:47:49 -0800},
	Date-Modified = {2007-12-04 13:48:57 -0800},
	Editor = {B. Golding},
	Pages = {140-153},
	Publisher = {Chapman \& Hall},
	Title = {Gene trees with background selection},
	Year = {1994}}

@article{gordo.genetics.2002,
	Author = {Gordo, I. and A. Navarro and B. Charlesworth},
	Date-Added = {2007-09-26 10:01:03 -0700},
	Date-Modified = {2007-09-26 10:01:48 -0700},
	Journal = {Genetics},
	Pages = {835-848},
	Title = {Muller's Ratchet and the Pattern of Variation at a Neutral Locus},
	Volume = {161},
	Year = {2002}}

@article{ccm.bgs.1995,
	Author = {Charlesworth, D. and B. Charlesworth and M. T. Morgan},
	Date-Added = {2007-09-26 09:44:15 -0700},
	Date-Modified = {2007-09-26 09:45:19 -0700},
	Journal = {Genetics},
	Pages = {1619-1632},
	Title = {The pattern of neutral molecular variation under the background selection model},
	Volume = {141},
	Year = {1995}}

@article{cmc.bgs.1993,
	Author = {Charlesworth, B. and M. T. Morgan and D. Charlesworth},
	Date-Added = {2007-09-26 09:42:53 -0700},
	Date-Modified = {2007-09-26 09:44:11 -0700},
	Journal = {Genetics},
	Pages = {1289-1303},
	Title = {The effect of deleterious mutations on neutral molecular variation},
	Volume = {134},
	Year = {1993}}

@article{bachtrog.degenerating.2006,
	Author = {Bachtrog, D.},
	Date-Added = {2007-09-24 11:11:16 -0700},
	Date-Modified = {2007-09-24 11:11:54 -0700},
	Journal = {Current Biology},
	Pages = {1694-1699},
	Title = {Expression profile of a degenerating neo-Y chromosome in Drosophila.},
	Volume = {16},
	Year = {2006}}

@article{williamson:dominance,
	Author = {Williamson, S. and A. Fledel-Alon and C. D. Bustamante},
	Date-Added = {2007-09-24 11:05:53 -0700},
	Date-Modified = {2007-09-24 11:06:48 -0700},
	Journal = {Genetics},
	Pages = {463-475},
	Title = {Population Genetics of Polymorphism and Divergence for Diploid Selection Models With Arbitrary Dominance},
	Volume = {168},
	Year = {2004}}

@article{Sawyer89,
	Author = {Sawyer, S.},
	Date-Added = {2007-09-24 10:49:32 -0700},
	Date-Modified = {2007-09-24 10:49:32 -0700},
	Journal = {Mol. Biol. Evol.},
	Pages = {526-538},
	Title = {Statistical tests for detecting gene conversion},
	Volume = {6},
	Year = {1989}}

@article{adams:genetics04,
	Author = {Adams, A. A. and R. R. Hudson},
	Date-Added = {2007-09-24 10:43:59 -0700},
	Date-Modified = {2007-09-24 10:44:38 -0700},
	Journal = {Genetics},
	Pages = {1699-1712},
	Title = {Maximum-Likelihood Estimation of Demographic Parameters Using the Frequency Spectrum of Unlinked Single-Nucleotide Polymorphisms},
	Volume = {168},
	Year = {2004}}

@article{voight:interrogating,
	Author = {Voight, B. F. and A. A. Adams and L. Frisse and Y. Quan and R. R. Hudson and A. Di Rienzo},
	Date-Added = {2007-09-24 10:42:00 -0700},
	Date-Modified = {2007-09-24 10:43:23 -0700},
	Journal = {PNAS},
	Pages = {18508-18513},
	Title = {Interrogating multiple aspects of variation in a full resequencing data set to infer human population size},
	Volume = {102},
	Year = {2005}}

@incollection{otto.young.dups,
	Author = {Otto, S. P. and P. Yong},
	Booktitle = {Advances in Genetics},
	Date-Added = {2007-09-24 09:22:44 -0700},
	Date-Modified = {2007-09-24 09:24:16 -0700},
	Editor = {J. Dunlap and C.-ting Wu},
	Pages = {451-483},
	Publisher = {Academic Press, San Diego CA},
	Title = {The evolution of gene duplicates},
	Volume = {46},
	Year = {2002}}

@book{ohno:evolution,
	Author = {Ohno, S.},
	Publisher = {Springer-Verlag, New York},
	Title = {Evolution by Gene Duplication},
	Year = {1970}}

@article{lewis1951,
	Author = {Lewis, E. B.},
	Journal = {Cold Spring Harbor Symposium on Quantitative Biology},
	Pages = {159-194},
	Title = {Pseudoallelism and gene evolution},
	Volume = {16},
	Year = {1951}}

@article{shapiro.pnas.2007,
	Author = {Shapiro, J. A. and W. Huang and C. Zhang and M. J. Hubisz and J. Lu and D. A. Turissini and S. Fang and H.-Y. Wang and R. R. Hudson and R. Nielsen and Z. Chen and C.-I. Wu},
	Date-Added = {2007-09-11 09:37:47 -0700},
	Date-Modified = {2007-09-11 09:39:36 -0700},
	Journal = {PNAS},
	Pages = {2371-2276},
	Title = {Adaptive evolution in the {\textit{Drosophila}} genomes},
	Volume = {104},
	Year = {2007}}

@article{ranz.science.2003,
	Author = {Ranz, J. M. and C. I. Castillo-Davis and C. D. Meiklejohn and D. L. Hartl},
	Date-Added = {2007-09-11 09:32:51 -0700},
	Date-Modified = {2007-09-11 09:34:18 -0700},
	Journal = {Science},
	Pages = {1742-1744},
	Title = {Sex-dependent gene expression and evolution of the {\textit{D. melanogaster}} transcriptome},
	Volume = {300},
	Year = {2003}}

@article{bahlo.tpb.1998,
	Author = {Bahlo, M.},
	Date-Added = {2007-09-10 14:58:24 -0700},
	Date-Modified = {2007-09-10 14:59:07 -0700},
	Journal = {Theoretical Population Biology},
	Keywords = {molecular polymorphism},
	Pages = {243-256},
	Title = {Segregating Sites in a Gene Conversion Model with Mutation},
	Volume = {54},
	Year = {1998}}

@article{bahlo.tbp.1999,
	Author = {Bahlo, M.},
	Date-Added = {2007-09-10 14:48:10 -0700},
	Date-Modified = {2007-09-10 14:48:55 -0700},
	Journal = {Theoretical Population Biology},
	Keywords = {molecular polymorphism},
	Pages = {265-277},
	Title = {The expected number of alleles in a gene conversion model with mutation},
	Volume = {56},
	Year = {1999}}

@article{FistonLavier.segmental,
	Author = {Fiston-Lavier, A.-S. and D. Axolabehere and H. Quesneville},
	Date-Added = {2007-09-10 14:35:15 -0700},
	Date-Modified = {2007-09-10 14:35:15 -0700},
	Journal = {Genome Research},
	Title = {A model of segmental duplication formation in Drosophila melanogaster},
	Year = {In Press}}

@article{wilson.barber.ea:loss,
	Author = {Wilson, H. D. and Barber, S. C. and Walters, T.},
	Date-Added = {2007-09-10 14:23:47 -0700},
	Date-Modified = {2007-09-10 14:23:47 -0700},
	Journal = {Biochem. Syst. Ecol.},
	Pages = {7-13},
	Title = {Loss of duplicate gene-expression in tetraploid chenopodium},
	Volume = {11},
	Year = {1983}}

@article{takahata.maruyama:polymorphism,
	Author = {Takahata, N. and Maruyama, T.},
	Date-Added = {2007-09-10 14:23:32 -0700},
	Date-Modified = {2007-09-10 14:23:32 -0700},
	Journal = {Proc. Natl. Acad. Sci. U. S. A.},
	Pages = {4521-4525},
	Title = {Polymorphism and loss of duplicate gene-expression - theoretical-study with application to tetraploid fish},
	Volume = {76},
	Year = {1979}}

@article{li:rate,
	Author = {Li, W. H.},
	Date-Added = {2007-09-10 14:23:22 -0700},
	Date-Modified = {2007-09-10 14:23:22 -0700},
	Journal = {Genetics},
	Pages = {237-258},
	Title = {Rate of gene silencing at duplicate loci - a theoretical-study and interpretation of data from tetraploid fishes},
	Volume = {95},
	Year = {1980}}

@article{bailey.poulter:silencing,
	Author = {Bailey, G.S and R.T.M. Poulter and P.A. Stockwell},
	Date-Added = {2007-09-10 14:23:10 -0700},
	Date-Modified = {2007-09-10 14:23:10 -0700},
	Journal = {PNAS},
	Pages = {5575-5579},
	Title = {Gene duplication in tetraploid fish: model for gene silencing at unlinked loci},
	Volume = {75},
	Year = {1978}}

@article{BettencourtF02,
	Author = {Bettencourt, B. R. and Feder, M. E.},
	Journal = {J. Mol. Evol.},
	Pages = {569-586},
	Title = {Rapid concerted evolution via gene conversion at the {\textit{Drosophila}} {\textit{hsp70}} genes},
	Volume = {54},
	Year = {2002}}

@article{LazzaroC01,
	Author = {Lazzaro, B. P. and Clark, A. G.},
	Journal = {Genetics},
	Pages = {659-671},
	Title = {Evidence for recurrent paralogous gene conversion and exceptional allelic divergence in the Attacin genes of {\textit{Drosophila melanogaster}}},
	Volume = {159},
	Year = {2001}}

@book{lynch:architecture,
	Author = {Lynch, M.},
	Publisher = {Sinauer Associates},
	Title = {The origins of genome architecture},
	Year = {2007}}

@article{wittkopp.nature.2004,
	Author = {Wittkopp, P. J. and B. K. Haerum and A. G. Clark},
	Journal = {Nature},
	Pages = {85-88},
	Title = {Evolutionary divergence of {\textit{cis}} and {\textit{trans}} gene regulation.},
	Volume = 430,
	Year = 2004}

@incollection{gilks:mcmc,
	Author = {Gilks, W. R. and S. Richardson and D. J. Spiegelhalter},
	Booktitle = {Markov Chain Monte Carlo In Practice},
	Chapter = {1},
	Date-Added = {2007-08-24 11:40:21 -0700},
	Date-Modified = {2007-08-24 11:42:02 -0700},
	Editor = {Gilks, W. R. and S. Richardson and D. J. Spiegelhalter},
	Pages = {1-19},
	Publisher = {CRC Press},
	Title = {Introducing Markov Chain Monte Carlo},
	Year = {1996}}

@article{becquet.przeworski.mimar,
	Author = {Becquet, C. and M. Przeworski},
	Date-Added = {2007-08-24 10:12:17 -0700},
	Date-Modified = {2007-08-24 10:13:32 -0700},
	Journal = {Genome Research},
	Title = {A new approach to estimate parameters from speciation models with application to apes},
	Year = 2007,
Pages = {1505-1519},
Volume = 17}

@article{coop.przeworski.2007,
	Author = {Coop, G. and M. Przeworski},
	Date-Added = {2007-08-23 13:56:38 -0700},
	Date-Modified = {2007-08-23 13:58:24 -0700},
	Journal = {Nature Reviews Genetics},
	Pages = {23-34},
	Title = {An evolutionary view of human recombination},
	Volume = {8},
	Year = {2007}}

@article{hughes:evolution,
	Author = {Hughes, A. L.},
	Date-Added = {2007-08-22 10:07:39 -0700},
	Date-Modified = {2007-08-22 10:07:39 -0700},
	Journal = {Proc. R. Soc. Lond. Ser. B-Biol. Sci.},
	Pages = {119-124},
	Title = {The evolution of functionally novel proteins after gene duplication},
	Volume = {256},
	Year = {1994}}

@article{betran.mbe.2006,
	Author = {Betran, E. and Y. Bai and M. Motiwale},
	Journal = {Molecular Biology and Evolution},
	Pages = {2191-2202},
	Title = {Fast protein evolution and germ line expression of a {\textit{Drosophila}} parental gene and its young retroposed paralog},
	Volume = {23},
	Year = {2006}}

@article{engels.science.1994,
	Author = {Engels, W. R. and C. R. Preston and D. M. Johnson-Schlitz},
	Date-Added = {2007-08-17 14:02:25 -0700},
	Date-Modified = {2007-08-17 14:03:39 -0700},
	Journal = {Science},
	Pages = {1623-1625},
	Title = {Long-range {\textit{cis}} preference in DNA homology search over the length of a {\textit{Drosophila}} chromosome},
	Volume = {263},
	Year = {1994}}

@article{HaberLBL91,
	Author = {Haber, J. E. and W. Y. Leung and R.H. Borts and M. Lichten},
	Date-Added = {2007-08-17 13:57:07 -0700},
	Date-Modified = {2007-08-17 13:57:07 -0700},
	Journal = {Proc. Natl. Acad. Sci. U. S. A.},
	Pages = {1120-1124},
	Title = {The frequency of meiotic recombination in yeast is independent of the number and position of homologous donor sequences - implications for chromosome-pairing},
	Volume = {88},
	Year = {1991}}

@article{jinksrobertson.1986,
	Author = {Jinks-Robertson, S. and T. D. Petes},
	Date-Added = {2007-08-17 13:54:29 -0700},
	Date-Modified = {2007-09-24 09:44:12 -0700},
	Journal = {Genetics},
	Pages = {731-752},
	Title = {Chromosomal translocations generated by high-frequency meiotic recombination between repeated yeast genes},
	Volume = {114},
	Year = {1986}}

@article{zhang.pnas.2004,
	Author = {Zhang, J. and A. M. Dean and F. Brunet and M. Long},
	Date-Added = {2007-08-17 11:32:20 -0700},
	Date-Modified = {2007-08-17 11:33:17 -0700},
	Journal = {PNAS},
	Pages = {16246-16250},
	Title = {Evolving protein functional diversity in new genes of Drosophila},
	Volume = {101},
	Year = {2004}}

@article{hahn.gr.2005,
	Author = {Hahn, M. W. and T. De Bie and J. E. Stajich and C. Ngyen and N. Christianini},
	Date-Added = {2007-08-17 10:50:27 -0700},
	Date-Modified = {2007-08-17 10:51:56 -0700},
	Journal = {Genome Research},
	Pages = {1153-1160},
	Title = {Estimating the tempo and mode of gene family evolution from comparative genomic data},
	Volume = {15},
	Year = {2005}}

@article{lynch.force:probability,
	Author = {Lynch, M. and Force, A.},
	Date-Added = {2007-08-17 09:59:19 -0700},
	Date-Modified = {2007-08-17 09:59:19 -0700},
	Journal = {Genetics},
	Pages = {459-473},
	Title = {The probability of duplicate gene preservation by subfunctionalization},
	Volume = {154},
	Year = {2000}}

@article{lynch.ohely.ea:probability,
	Author = {Lynch, M. and O'Hely, M. and Walsh, B. and Force, A.},
	Date-Added = {2007-08-17 09:59:11 -0700},
	Date-Modified = {2007-08-17 09:59:11 -0700},
	Journal = {Genetics},
	Pages = {1789-1804},
	Title = {The probability of preservation of a newly arisen gene duplicate},
	Volume = {159},
	Year = {2001}}

@article{walsh:how,
	Author = {Walsh, J. B.},
	Date-Added = {2007-08-17 09:57:53 -0700},
	Date-Modified = {2007-08-17 09:57:53 -0700},
	Journal = {Genetics},
	Pages = {421-428},
	Title = {How often do duplicated genes evolve new functions?},
	Volume = {139},
	Year = {1995}}

@article{fisher:sheltering,
	Author = {Fisher, R.A.},
	Date-Added = {2007-08-16 16:00:05 -0700},
	Date-Modified = {2007-08-16 16:00:05 -0700},
	Journal = {American Naturalist},
	Pages = {446-455},
	Title = {The sheltering of lethals},
	Volume = {69},
	Year = {1935}}

@article{haldane:recurrent,
	Author = {Haldane, J.B.S.},
	Date-Added = {2007-08-16 15:59:31 -0700},
	Date-Modified = {2007-08-16 15:59:31 -0700},
	Journal = {American Naturalist},
	Pages = {5-19},
	Title = {The part played by recurrent mutation in evolution},
	Volume = {67},
	Year = {1933}}

@article{bridges.deficiency.1917,
	Author = {Bridges, C. B.},
	Date-Added = {2007-08-16 15:54:53 -0700},
	Date-Modified = {2007-08-16 15:55:54 -0700},
	Journal = {Genetics},
	Pages = {445-465},
	Title = {Deficiency},
	Volume = {2},
	Year = {1917}}

@article{bridges.vortex.1919,
	Author = {Bridges, C. B. and O. L. Mohr},
	Date-Added = {2007-08-16 15:53:05 -0700},
	Date-Modified = {2007-08-16 15:54:45 -0700},
	Journal = {Genetics},
	Pages = {283-306},
	Title = {The inheritance of the mutant character "Vortex"},
	Volume = {4},
	Year = {1919}}

@article{bridges.bar.1936,
	Author = {Bridges, C. B.},
	Date-Added = {2007-08-16 15:47:22 -0700},
	Date-Modified = {2007-08-16 15:48:00 -0700},
	Journal = {Science},
	Pages = {210-211},
	Title = {The bar "gene": a duplication},
	Volume = {83},
	Year = {1936}}

@article{bridges.1935,
	Author = {Bridges, C. B.},
	Date-Added = {2007-08-16 15:45:59 -0700},
	Date-Modified = {2007-08-16 15:47:19 -0700},
	Journal = {J. Heredity},
	Pages = {60-64},
	Title = {Salivary Chromosome Maps},
	Volume = {26},
	Year = {1935}}

@article{wakeley.aliacar.2001,
	Author = {Wakeley, J. and N. Aliacar},
	Date-Added = {2007-08-15 13:58:03 -0700},
	Date-Modified = {2007-08-15 13:59:09 -0700},
	Journal = {Genetics},
	Pages = {893-905},
	Title = {Gene genealogies in a metapopulation},
	Volume = {159},
	Year = {2001}}

@article{zhang:maizedups,
	Author = {Zhang, L. and A. S. Peek and D. Dunams and B. S. Gaut},
	Date-Added = {2007-08-14 11:24:51 -0700},
	Date-Modified = {2007-08-14 11:27:11 -0700},
	Journal = {Genetics},
	Number = {851-860},
	Title = {Population Genetics of Duplicated Disease-Defense Genes, hm1 and hm2, in Maize ({\textit{Zea mays}} ssp. {\textit{mays L.}}) and Its Wild Ancestor ({\textit{Zea mays}} ssp. {\textit{parviglumis}})},
	Volume = {162},
	Year = {2002}}

@article{ohta:transposition,
	Author = {Ohta, T.},
	Date-Added = {2007-08-14 11:10:39 -0700},
	Date-Modified = {2007-08-14 11:10:48 -0700},
	Journal = {Genetics},
	Pages = {513-524},
	Title = {A model of duplicative transposition and gene conversion for repetitive {DNA} families},
	Volume = {110},
	Year = {1985}}

@article{nagylaki.petes.1982,
	Author = {Nagylaki, T. and T. D. Petes},
	Date-Added = {2007-08-14 11:07:52 -0700},
	Date-Modified = {2007-08-14 11:09:28 -0700},
	Journal = {Genetics},
	Pages = {315-337},
	Title = {Intrachromosomal gene conversion and the maintentance of sequence homogeneity among repeated gene famlies},
	Volume = {100},
	Year = {1982}}

@article{nagylaki:gene,
	Author = {Nagylaki, T.},
	Date-Added = {2007-08-14 11:07:49 -0700},
	Date-Modified = {2007-08-14 11:07:49 -0700},
	Journal = {Genetics},
	Pages = {291-301},
	Title = {Gene conversion, linkage, and the evolution of multigene families},
	Volume = {120},
	Year = {1988}}

@article{tijet:cytp450,
	Author = {Tijet, N. and C. Helvig and R. Feyereisen},
	Date-Added = {2007-08-13 09:39:42 -0700},
	Date-Modified = {2007-08-13 09:39:42 -0700},
	Journal = {Gene},
	Pages = {189-198},
	Title = {The cytochrome P450 gene superfamily in {\textit{Drosophila melanogaster}}: annotation, intron-exon organization and phylogeny},
	Volume = {261},
	Year = {2001}}

@article{PetrovLH96,
	Author = {Petrov, D. A. and Lozovskaya, E. R. and Hartl, D. L.},
	Date-Added = {2007-08-13 09:05:29 -0700},
	Date-Modified = {2007-08-13 09:05:29 -0700},
	Journal = {Nature},
	Pages = {346-349},
	Title = {High intrinsic rate of DNA loss in {\textit{Drosophila}}},
	Volume = {384},
	Year = {1996}}

@book{powell:progress,
	Address = {New York},
	Author = {Powell, J. R.},
	Date-Added = {2007-08-10 13:25:09 -0700},
	Date-Modified = {2007-08-10 13:25:09 -0700},
	Publisher = {Oxford University Press},
	Title = {Progress and Prospects in Evolutionary Biology: The Drosophila Model},
	Year = {1997}}

@article{parisi.ea:paucity,
	Author = {Parisi, M. and R. Nuttall and D. Naiman and G. Bouffard and J. Malley and J. Andrews and S. Eastman and B. Oliver},
	Date-Added = {2007-08-10 11:07:06 -0700},
	Date-Modified = {2007-08-10 11:07:06 -0700},
	Journal = {Science},
	Pages = {697-700},
	Title = {Paucity of Genes on the {\textit{Drosophila}} X Chromosome Showing Male-Biased Expression},
	Volume = {299},
	Year = {2003}}

@article{betancourt.fastx,
	Author = {Betancourt, A. J. and D. C. Presgraves and W. J. Swanson},
	Date-Added = {2007-08-10 10:56:49 -0700},
	Date-Modified = {2007-08-10 10:57:38 -0700},
	Journal = {Mol. Biol. Evol.},
	Pages = {1816-1819},
	Title = {A Test for Faster X Evolution in Drosophila},
	Volume = {19},
	Year = {2002}}

@article{counterman:fastX,
	Author = {Counterman, B. A. and D. Ortiz-Barrientos and M. A. F. Noor},
	Date-Added = {2007-08-10 10:53:45 -0700},
	Date-Modified = {2007-08-10 10:54:58 -0700},
	Journal = {Evolution},
	Pages = {656-660},
	Title = {Using comparative genome data to test for fast-X evolution},
	Volume = {58},
	Year = {2004}}

@article{lifschytz.lindsley:role,
	Author = {Lifschytz, E. and D.L. Lindsley},
	Date-Added = {2007-08-09 16:54:57 -0700},
	Date-Modified = {2007-08-09 16:54:57 -0700},
	Journal = {PNAS},
	Pages = {182-186},
	Title = {The role of X-chromosome inactivation during spermatogenesis},
	Volume = {69},
	Year = {1972}}

@article{pseudogenome,
	Author = {Richards, S. and Y. Liu and B. R. Bettencourt and P. Hradecky and S. Letovsky and R. Nielsen and K. Thornton and {\textit{43 co-authors}}},
	Date-Added = {2007-08-09 15:40:42 -0700},
	Date-Modified = {2007-08-09 15:44:15 -0700},
	Journal = {Genome Research},
	Pages = {1-8},
	Title = {Comparative genome sequencing of {\textit{Drosophila pseudoobscura}}: Chromosomal, gene, and {\textit{cis}}-element evolution},
	Volume = {15},
	Year = {2005}}

@article{Langley:adh.restriction,
	Author = {Langley, C. H. and E. Montgomery and W. F. Quattlebaum},
	Date-Added = {2007-08-09 15:28:02 -0700},
	Date-Modified = {2007-08-09 15:32:31 -0700},
	Journal = {PNAS},
	Pages = {5631-5635},
	Title = {Restriction map variation in the {\textit{Adh}} region of {\textit{Drosophila}}},
	Volume = {79},
	Year = {1982}}

@article{JeffsA91,
	Author = {Jeffs, P. and Ashburner, M.},
	Date-Added = {2007-08-09 15:25:14 -0700},
	Date-Modified = {2007-08-09 15:25:14 -0700},
	Journal = {Proc. R. Soc. Lond. Ser. B-Biol. Sci.},
	Pages = {151-159},
	Title = {Processed pseudogenes in {\textit{Drosophila}}},
	Volume = {244},
	Year = {1991}}

@article{brady.richmond.ea:cloning,
	Author = {Brady, J. P. and Richmond, R. C. and Oakeshott, J. G.},
	Date-Added = {2007-08-09 15:17:43 -0700},
	Date-Modified = {2007-08-14 13:11:04 -0700},
	Journal = {Molecular Biology and Evolution},
	Note = {EH088 MOL BIOL EVOL},
	Number = {6},
	Pages = {525-546},
	Title = {Cloning of the {\textit{Esterase-5}} locus from {\textit{Drosophila pseudoobscura}} and comparison with its homolog in {\textit{Drosophila melanogaster}}},
	Volume = {7},
	Year = {1990}}

@article{FlyGenome,
	Abstract = {The fly Drosophila melanogaster is one of the most intensively studied organisms in biology and serves as a model system for the investigation of many developmental and cellular processes common to higher eukaryotes, including humans. We have determined the nucleotide sequence of nearly all of the similar to 120-megabase euchromatic portion of the Drosophila genome using a whole-genome shotgun sequencing strategy supported by extensive clone-based sequence and a high-quality bacterial artificial chromosome physical map. Efforts are under way to close the remaining gaps; however, the sequence is of sufficient accuracy and Contiguity to be declared substantially complete and to support an initial analysis of genome structure and preliminary gene annotation and interpretation. The genome encodes similar to 13,600 genes, somewhat fewer than the smaller Caenorhabditis elegans genome, but with comparable functional diversity.},
	Author = {Adams, M. D. and Celniker, S. E. and Holt, R. A. and Evans, C. A. and Gocayne, J. D. and Amanatides, P. G. and Scherer, S. E. and Li, P. W. and Hoskins, R. A. and Galle, R. F. and George, R. A. and Lewis, S. E. and Richards, S. and Ashburner, M. and Henderson, S. N. and Sutton, G. G. and Wortman, J. R. and Yandell, M. D. and Zhang, Q. and Chen, L. X. and Brandon, R. C. and Rogers, Y. H. C. and Blazej, R. G. and Champe, M. and Pfeiffer, B. D. and Wan, K. H. and Doyle, C. and Baxter, E. G. and Helt, G. and Nelson, C. R. and Miklos, G. L. G. and Abril, J. F. and Agbayani, A. and An, H. J. and Andrews-Pfannkoch, C. and Baldwin, D. and Ballew, R. M. and Basu, A. and Baxendale, J. and Bayraktaroglu, L. and Beasley, E. M. and Beeson, K. Y. and Benos, P. V. and Berman, B. P. and Bhandari, D. and Bolshakov, S. and Borkova, D. and Botchan, M. R. and Bouck, J. and Brokstein, P. and Brottier, P. and Burtis, K. C. and Busam, D. A. and Butler, H. and Cadieu, E. and Center, A. and Chandra, I. and Cherry, J. M. and Cawley, S. and Dahlke, C. and Davenport, L. B. and Davies, A. and de Pablos, B. and Delcher, A. and Deng, Z. M. and Mays, A. D. and Dew, I. and Dietz, S. M. and Dodson, K. and Doup, L. E. and Downes, M. and Dugan-Rocha, S. and Dunkov, B. C. and Dunn, P. and Durbin, K. J. and Evangelista, C. C. and Ferraz, C. and Ferriera, S. and Fleischmann, W. and Fosler, C. and Gabrielian, A. E. and Garg, N. S. and Gelbart, W. M. and Glasser, K. and Glodek, A. and Gong, F. C. and Gorrell, J. H. and Gu, Z. P. and Guan, P. and Harris, M. and Harris, N. L. and Harvey, D. and Heiman, T. J. and Hernandez, J. R. and Houck, J. and Hostin, D. and Houston, D. A. and Howland, T. J. and Wei, M. H. and Ibegwam, C. and others},
	Date-Added = {2007-08-09 14:54:28 -0700},
	Date-Modified = {2007-08-09 14:54:28 -0700},
	Journal = {Science},
	Keywords = {DNA-replication chromosome dynamics gene-expression heterochromatin proteins family prediction chromatin},
	OPTNote = {Times Cited: 1120 Review English Cited References Count: 82 296we},
	Number = 5461,
	Pages = {2185-2195},
	Title = {The genome sequence of Drosophila melanogaster},
	Volume = 287,
	Year = 2000}

@article{araki.inomata.ea:molecular,
	Author = {Araki, H. and Inomata, N. and Yamazaki, T.},
	Date-Added = {2007-08-08 16:05:55 -0700},
	Date-Modified = {2007-08-08 16:05:55 -0700},
	Journal = {Genetics},
	Pages = {667-677},
	Title = {Molecular evolution of duplicated amylase gene regions in Drosophila melanogaster: Evidence of positive selection in the coding regions and selective constraints in the cis-regulatory regions},
	Volume = {157},
	Year = {2001}}

@book{Kimura:Book,
	Author = {Kimura, M.},
	Date-Added = {2007-08-08 11:19:43 -0700},
	Date-Modified = {2007-08-08 11:19:43 -0700},
	Publisher = {Cambridge University Press},
	Title = {The Neutral Theory of Molecular Evolution},
	Year = {1983}}

@article{tang:plosgen,
	Author = {Tang, K and K. R. Thornton and M. Stoneking},
	Date-Added = {2007-08-08 11:04:19 -0700},
	Date-Modified = {2007-08-08 11:04:56 -0700},
	Journal = {PLoS Genetics},
	Pages = {e171},
	Title = {A new approach for using genome scans to detect recent positive selection in the human genome.},
	Volume = {5},
	Year = {2007}}

@article{jensen:ld,
	Author = {Jensen, J. D. and K. R. Thornton and C. F. Aquadro},
	Date-Added = {2007-08-08 11:03:12 -0700},
	Date-Modified = {2007-08-23 13:45:16 -0700},
	Journal = {Genetics},
	Pages = {2371-2379},
	Title = {On the utility of linkage disequilibrium as a statistic for identifying targets of positive selection in non-equilibrium populations},
	Volume = {176},
	Year = {2007}}

@article{thornton:newgene,
	Author = {Thornton, K.},
	Date-Added = {2007-08-08 11:01:00 -0700},
	Date-Modified = {2008-01-15 09:55:38 -0800},
	Journal = {Genetics},
	Pages = {987-1000},
	Title = {The neutral coalescent process for recent gene duplications and copy-number variants},
	Volume = {177},
	Year = {2007}}

@article{welch:mk,
	Author = {Welch, J. J.},
	Date-Added = {2007-08-03 14:43:48 -0700},
	Date-Modified = {2007-08-03 14:44:49 -0700},
	Journal = {Genetics},
	Pages = {821-837},
	Title = {Estimating the Genomewide Rate of Adaptive Protein Evolution in Drosophila},
	Volume = {173},
	Year = {2006}}

@article{Sundquist.PlosOne.2007,
	Author = {Sundquist, A. and M. Ronaghi and H. Tang and P. Pevzner and S. Batzoglou},
	Date-Added = {2007-08-02 14:03:01 -0700},
	Date-Modified = {2007-08-02 14:04:31 -0700},
	Journal = {PLoS One},
	Pages = {e484},
	Title = {Whole-Genome Sequencing and Assembly with High-Throughput, Short-Read Technologies},
	Volume = {5},
	Year = {2007}}

@article{inomata.amy.MBE.1997,
	Author = {Inomata, N. and H. Tachida and T. Yamazaki},
	Date-Added = {2007-08-01 15:21:43 -0700},
	Date-Modified = {2007-08-01 15:23:17 -0700},
	Journal = {Mol. Biol. Evol.},
	Pages = {942-950},
	Title = {Molecular evolution of the {\textit{Amy}} multigenes in the subgenus {\textit{Sophophora}} of {\textit{Drosophila}}},
	Volume = {14},
	Year = {1997}}

@article{hutter.genetics.07,
	Author = {Hutter, H. and H. Li and S. Beisswanger and D. DeLorenzo and W. Stephan},
	Date-Added = {2007-08-01 14:12:49 -0700},
	Date-Modified = {2007-08-01 14:13:55 -0700},
	Journal = {Genetics},
	Note = {In Press},
	Title = {Distinctly different sex ratios in African and European populations of Drosophila melanogaster inferred from chromosome-wide SNP data},
	Year = {2007}}

@article{li.stephan.plosgen,
	Author = {Li, H. and W. Stephan},
	Date-Added = {2007-08-01 13:32:28 -0700},
	Date-Modified = {2007-08-07 15:17:08 -0700},
	Journal = {PLoS Genetics},
	Pages = {e166},
	Title = {Inferring the demographic history and rate of adaptive substitution in {\textit{Drosophila}}},
	Volume = {2},
	Year = {2006}}

@article{innan.pnas.2003,
	Author = {Innan, H.},
	Journal = {PNAS},
	Pages = {8793-8798},
	Title = {A two-locus gene conversion model with selection and its application to the human RHCE and RHD genes},
	Volume = {100},
	Year = {2003}}

@article{mcvean.spencer.2006,
	Author = {McVean, G. and C. A. Spencer},
	Date-Added = {2007-06-20 14:18:14 -0700},
	Date-Modified = {2007-06-20 14:24:20 -0700},
	Journal = {Current Opinion In Genetics \& Development},
	Pages = {624-629},
	Title = {Scanning the human genome for signals of selection},
	Volume = {16},
	Year = {2006}}

@article{rubin:comparative,
	Author = {Rubin, G. M. and Yandell, M. D. and Wortman, J. R. and Miklos, G. L. G. and Nelson, C. R. and Hariharan, I. K. and Fortini, M. E. and Li, P. W. and Apweiler, R. and Fleischmann, W. and Cherry, J. M. and Henikoff, S. and Skupski, M. P. and Misra, S. and Ashburner, M. and Birney, E. and Boguski, M. S. and Brody, T. and Brokstein, P. and Celniker, S. E. and Chervitz, S. A. and Coates, D. and Cravchik, A. and Gabrielian, A. and Galle, R. F. and Gelbart, W. M. and George, R. A. and Goldstein, L. S. B. and Gong, F. C. and Guan, P. and Harris, N. L. and Hay, B. A. and Hoskins, R. A. and Li, J. Y. and Li, Z. Y. and Hynes, R. O. and Jones, S. J. M. and Kuehl, P. M. and Lemaitre, B. and Littleton, J. T. and Morrison, D. K. and Mungall, C. and O'Farrell, P. H. and Pickeral, O. K. and Shue, C. and Vosshall, L. B. and Zhang, J. and Zhao, Q. and Zheng, X. Q. H. and Zhong, F. and Zhong, W. Y. and Gibbs, R. and Venter, J. C. and Adams, M. D. and Lewis, S.},
	Date-Added = {2007-04-10 11:05:08 -0700},
	Date-Modified = {2007-04-10 11:05:08 -0700},
	Journal = {Science},
	Pages = {2204-2215},
	Title = {Comparative genomics of the eukaryotes},
	Volume = {287},
	Year = {2000}}

@article{roberts1982,
	Author = {Roberts, P. A. and D. J. Broderick},
	Date-Added = {2007-04-10 08:27:05 -0700},
	Date-Modified = {2007-04-10 08:28:30 -0700},
	Journal = {Genetics},
	Pages = {75-89},
	Title = {Properties and evolutionary potential of newly induced tandem duplications in {\textit{Drosophila melanogaster}}},
	Volume = {102},
	Year = {1982}}

@article{nordborg:selfing,
	Author = {Nordborg, M.},
	Date-Added = {2007-04-05 09:39:47 -0700},
	Date-Modified = {2007-04-05 09:40:24 -0700},
	Journal = {Genetics},
	Pages = {923-929},
	Title = {Linkage Disequilibrium, Gene Trees and Selfing: An Ancestral Recombination Graph With Partial Self-Fertilization},
	Volume = {154},
	Year = {2000}}

@article{kondrashov:jtb06,
	Author = {Kondrashov, F. A. and A. S. Kondrashov},
	Date-Added = {2007-03-22 13:19:24 -0700},
	Date-Modified = {2007-03-22 13:21:40 -0700},
	Journal = {Journal of Theoretical Biology},
	Pages = {141-151},
	Title = {Role of selection in fixation of gene duplications},
	Volume = {239},
	Year = {2006}}

@article{betran:genetics03,
	Author = {Betran, E and M. Long},
	Date-Added = {2007-03-22 11:37:07 -0700},
	Date-Modified = {2007-03-22 13:19:31 -0700},
	Journal = {Genetics},
	Pages = {977-988},
	Title = {{\textit{Dntf-2r}}, a young {\textit{Drosophila}} retroposed gene with specific male expression under positive Darwinian selection},
	Volume = {164},
	Year = {2003}}

@article{fan:jme07,
	Author = {Fan, C. and M. Long},
	Date-Added = {2007-03-22 11:31:15 -0700},
	Date-Modified = {2007-03-22 13:19:31 -0700},
	Journal = {Journal of Molecular Evolution},
	Pages = {272-283},
	Title = {A new retroposed gene in {\textit{Drosophila}} heterochromatin detected by microarray-based genomic hybridization},
	Volume = {64},
	Year = {2007}}

@article{jones:genetics05,
	Author = {Jones, C. D. and A. W. Custer and D. J. Begun},
	Date-Added = {2007-03-22 11:28:52 -0700},
	Date-Modified = {2007-03-22 13:19:31 -0700},
	Journal = {Genetics},
	Pages = {207-219},
	Title = {Origin and evolution of a chimeric fusion gene in {\textit{Drosophila subobscura}}, {\textit{D. madeirensis}} and {\textit{D. guanche}}},
	Volume = {170},
	Year = {2005}}

@article{loppin:currbiol05,
	Author = {Loppin, B. and D. Lepetit and S. Dorus and P. Couble and T. L. Karr},
	Date-Added = {2007-03-22 11:25:25 -0700},
	Date-Modified = {2007-03-22 13:19:31 -0700},
	Journal = {Current Biology},
	Pages = {87-93},
	Title = {Origin and neofunctionalization of a {\textit{Drosophila}} paternal effect gene essential for zygote viaibility},
	Volume = {15},
	Year = {2005}}

@article{wang:natgen04,
	Author = {Wang, W. and H. Yu and M. Long},
	Date-Added = {2007-03-22 10:35:27 -0700},
	Date-Modified = {2007-03-22 13:19:31 -0700},
	Journal = {Nature Genetics},
	Pages = {523-537},
	Title = {Duplication-degeneration as a mechanism of gene fission and the origin of new genes in {\textit{Drosophila}} species},
	Volume = {5},
	Year = {2004}}

@article{levine:pnas06,
	Author = {Levine, M. and C. D. Jones and A. D. Kern and H. A. Lindfors and D. J. Begun},
	Date-Added = {2007-03-22 10:31:33 -0700},
	Date-Modified = {2007-03-22 13:19:31 -0700},
	Journal = {PNAS},
	Pages = {9935-9939},
	Title = {Novel genes derived from noncoding DNA in {\textit{Drosophila melanogaster}} are frequently X-linked and exhibit testis-biased expression},
	Volume = {103},
	Year = {2006}}

@article{arguello:plos06,
	Author = {Arguello, J. R. and Y. Chen and S. Yang and W. Wang and M. Long},
	Date-Added = {2007-03-22 10:28:50 -0700},
	Date-Modified = {2007-03-22 13:19:31 -0700},
	Journal = {PLoS Genetics},
	Pages = {e77},
	Title = {Origination of an X-linked testes chimeric gene by illegitimate recombination in {\textit{Drosophila}}},
	Volume = {2},
	Year = {2006}}

@article{lynch.conery:evolutionary,
	Author = {Lynch, M. and Conery, J. S.},
	Date-Added = {2007-03-22 10:25:23 -0700},
	Date-Modified = {2007-03-22 13:19:31 -0700},
	Journal = {Science},
	Pages = {1151-1155},
	Title = {The evolutionary fate and consequences of duplicate genes},
	Volume = {290},
	Year = {2000}}

@article{LongL93,
	Author = {Long, M. Y. and Langley, C. H.},
	Date-Added = {2007-03-22 10:24:54 -0700},
	Date-Modified = {2007-03-22 13:19:31 -0700},
	Journal = {Science},
	Pages = {91-95},
	Title = {Natural-selection and the origin of {\textit{jingwei}}, a chimeric processed functional gene in {\textit{Drosophila}}},
	Volume = {260},
	Year = {1993}}

@article{wang.zhang.ea:origin,
	Author = {Wang, W. and Zhang, J. M. and Alvarez, C. and Llopart, A. and Long, M.},
	Date-Added = {2007-03-22 10:24:54 -0700},
	Date-Modified = {2007-03-22 13:19:31 -0700},
	Journal = {Mol. Biol. Evol.},
	Pages = {1294-1301},
	Title = {The origin of the {\textit{jingwei}} gene and the complex modular structure of its parental gene, {\textit{yellow emperor}}, in {\textit{Drosophila melanogaster}}},
	Volume = {17},
	Year = {2000}}

@article{WangBNL02,
	Author = {Wang, W. and Brunet, F. G. and Nevo, E. and Long, M.},
	Date-Added = {2007-03-22 10:24:54 -0700},
	Date-Modified = {2007-03-22 13:19:31 -0700},
	Journal = {Proc. Natl. Acad. Sci. U. S. A.},
	Pages = {4448-4453},
	Title = {Origin of {\textit{sphinx}}, a young chimeric RNA gene in {\textit{Drosophila melanogaster}}},
	Volume = {99},
	Year = {2002}}

@article{innan.kim.2004,
	Author = {H. Innan and Y. Kim},
	Journal = {PNAS},
	Pages = {10667-10672},
	Title = {Pattern of polymorphism after strong artificial selection in a domestication event},
	Volume = {101},
	Year = {2004}}

@article{gao.innan.science,
	Author = {Gao, L. Z. and H. Innan},
	Date-Added = {2007-03-22 10:17:42 -0700},
	Date-Modified = {2007-03-22 13:19:31 -0700},
	Journal = {Science},
	Number = {1367-1370},
	Title = {Very low gene duplication rate in the yeast genome},
	Volume = {306},
	Year = {2004}}

@article{GuSGSDL03,
	Author = {Gu, Z. L. and Steinmetz, L. M. and Gu, X. and Scharfe, C. and Davis, R. W. and Li, W. H.},
	Date-Added = {2007-03-22 10:10:50 -0700},
	Date-Modified = {2007-03-22 13:19:31 -0700},
	Journal = {Nature},
	Keywords = {events},
	Pages = {63-66},
	Title = {Role of duplicate genes in genetic robustness against null mutations},
	Volume = {421},
	Year = {2003}}

@article{gu.cavalcanti.ea:extent,
	Author = {Gu, Z. L. and Cavalcanti, A. and Chen, F. C. and Bouman, P. and Li, W. H.},
	Date-Added = {2007-03-22 10:10:23 -0700},
	Date-Modified = {2007-03-22 13:19:31 -0700},
	Journal = {Mol. Biol. Evol.},
	Keywords = {endonucleases},
	Pages = {256-262},
	Title = {Extent of gene duplication in the genomes of Drosophila, nematode, and yeast},
	Volume = {19},
	Year = {2002}}

@article{gu:TIG,
	Author = {Gu, Z. and D. Nicolae and H.H.S. Lu and W.H. Li},
	Date-Added = {2007-03-22 10:10:15 -0700},
	Date-Modified = {2007-03-22 13:19:31 -0700},
	Journal = {Trends in Genetics},
	Keywords = {endonucleases},
	Pages = {609-613},
	Title = {Rapid divergence in expression between duplicate genes inferred from microarray data},
	Volume = {18},
	Year = {2002}}

@article{kondrashovjr:selection,
	Author = {Kondrashov, F.A. and I.B. Rogozon and Y.I. Wolf and E.V. Koonin},
	Date-Added = {2007-03-22 10:09:27 -0700},
	Date-Modified = {2007-03-22 13:19:31 -0700},
	Journal = {Genome Biology},
	Pages = {0008.1-0008.9},
	Title = {Selection in the evolution of gene duplications},
	Volume = {3},
	Year = {2002}}

@article{teshima.innan.2004,
	Author = {Teshima, K. M. and H. Innan},
	Date-Added = {2007-03-21 10:18:51 -0700},
	Date-Modified = {2007-03-22 13:19:31 -0700},
	Journal = {Genetics},
	Pages = {1553-1560},
	Title = {The effect of gene conversion on the divergence between duplicated genes},
	Volume = {166},
	Year = {2004}}

@article{moore:dups,
	Author = {Moore, R. C. and M. D. Purugganan},
	Date-Added = {2007-03-21 08:37:53 -0700},
	Date-Modified = {2007-03-22 13:19:31 -0700},
	Journal = {PNAS},
	Pages = {15682--15687},
	Title = {The early stages of duplicate gene evolution},
	Volume = {100},
	Year = {2003}}

@article{force.lynch.ea:preservation,
	Author = {Force, A. and Lynch, M. and Pickett, F. B. and Amores, A. and Yan, Y. L. and Postlethwait, J.},
	Date-Added = {2007-03-21 08:33:22 -0700},
	Date-Modified = {2007-03-22 13:19:31 -0700},
	Journal = {Genetics},
	Pages = {1531-1545},
	Title = {Preservation of duplicate genes by complementary, degenerative mutations},
	Volume = {151},
	Year = {1999}}

@article{innan:model,
	Author = {Innan, H.},
	Date-Added = {2007-03-05 09:08:39 -0800},
	Date-Modified = {2007-03-22 13:19:31 -0700},
	Journal = {Genetics},
	Pages = {803-810},
	Title = {The coalescent and infinite-site model of a small multigene family},
	Volume = {163},
	Year = {2003}}

@article{tajima90,
	Author = {Tajima, F.},
	Date-Added = {2007-03-01 15:46:47 -0800},
	Date-Modified = {2007-03-22 13:19:31 -0700},
	Journal = {Genetics},
	Pages = {447-454},
	Title = {Relationship between DNA polymorphism and fixation time},
	Volume = {125},
	Year = {1990}}

@article{fu2006tpb,
	Author = {Fu, Y.-X.},
	Date-Added = {2006-10-13 11:21:56 -0400},
	Date-Modified = {2007-03-22 13:19:31 -0700},
	Journal = {Theoretical Population Biology},
	Pages = {385-394},
	Title = {Exact Coalescent for the Wright-Fisher Model},
	Volume = {69},
	Year = {2006}}

@article{wiuf.hein.conversion,
	Author = {Wiuf, C. and J. Hein},
	Date-Added = {2006-09-18 14:41:46 -0400},
	Date-Modified = {2007-03-22 13:19:31 -0700},
	Journal = {Genetics},
	Pages = {451-462},
	Title = {The coalescent with gene conversion},
	Volume = {155},
	Year = {2000}}

@article{kim06recurrent,
	Author = {Kim, Y.},
	Date-Added = {2006-09-16 14:26:21 -0400},
	Date-Modified = {2007-03-22 13:19:31 -0700},
	Journal = {Genetics},
	Number = {1967-1978},
	Title = {Allele Frequency Distribution Under Recurrent Selective Sweeps},
	Volume = {172},
	Year = {2006}}

@article{wakeley.hey.ancestral,
	Author = {Wakeley, J. and J. Hey},
	Date-Added = {2006-08-18 15:40:13 +0000},
	Date-Modified = {2007-03-22 13:19:31 -0700},
	Journal = {Genetics},
	Pages = {847-855},
	Title = {Estimating Ancestral Population Parametes},
	Volume = {145},
	Year = {1997}}

@article{corander.genetics:baps,
	Author = {Corander, J. and P. Waldmann and M. J. Sillanpaa},
	Date-Added = {2006-08-18 15:18:04 +0000},
	Date-Modified = {2007-03-22 13:19:31 -0700},
	Journal = {Genetics},
	Pages = {367-374},
	Title = {Bayesian Analysis of Genetic Differentiation Between Populations},
	Volume = {163},
	Year = {2003}}

@article{falush:structure.linked,
	Author = {Falush, D. and M. Stephens and J. K. Pritchard},
	Date-Added = {2006-08-18 15:16:06 +0000},
	Date-Modified = {2007-03-22 13:19:31 -0700},
	Journal = {Genetics},
	Pages = {1567-1587},
	Title = {Inference of population structure using multi-locus genotype data: linked loci and correlated allele frequencies},
	Volume = {164},
	Year = {2003}}

@article{pritchard:structure,
	Author = {Pritchard, J. K. and M. Stephens and P. Donnelly},
	Date-Added = {2006-08-18 15:10:32 +0000},
	Date-Modified = {2007-03-22 13:19:31 -0700},
	Journal = {Genetics},
	Pages = {945-959},
	Title = {Inference of population structure using multi-locus data},
	Volume = {155},
	Year = {2000}}

@article{tavare97:abc,
	Author = {Tavare, S and D. J. Balding and R. C. Griffiths and P. Donnelly},
	Date-Added = {2006-08-14 10:00:08 -0400},
	Date-Modified = {2007-03-22 13:19:31 -0700},
	Journal = {Genetics},
	Pages = {505-518},
	Title = {Inferring coalescence times from DNA sequence data},
	Volume = {145},
	Year = {1997}}

@article{fuli:abc,
	Author = {Fu, Y.-X. and W. H. Li},
	Date-Added = {2006-08-14 09:59:15 -0400},
	Date-Modified = {2007-03-22 13:19:31 -0700},
	Journal = {Molecular Biology and Evolution},
	Pages = {195-199},
	Title = {Estimating the age of the common ancestor of a sample of DNA sequences},
	Volume = 14,
	Year = 1997}

@article{golding.ld:1984,
	Author = {Golding, B},
	Date-Added = {2006-08-13 13:59:06 -0400},
	Date-Modified = {2007-03-22 13:19:31 -0700},
	Journal = {Genetics},
	Pages = {257-274},
	Title = {The sampling distribution of linkage disequilibrium},
	Volume = {108},
	Year = {1984}}

@article{thornton.jensen.ascertain,
	Author = {Thornton, K. and J. D. Jensen},
	Date-Added = {2006-08-09 10:59:35 -0400},
	Date-Modified = {2007-03-22 13:19:31 -0700},
	Journal = {Genetics},
	Pages = {737-750},
	Title = {Controlling the false positive rate in multilocus genome scans for selection},
	Volume = {175},
	Year = {2007}}

@article{eldon.wakeley.2006:skew,
	Author = {Eldon, B. and J. Wakeley},
	Date-Added = {2006-08-01 12:51:49 -0400},
	Date-Modified = {2007-03-22 13:19:31 -0700},
	Journal = {Genetics},
	Pages = {2621-2633},
	Title = {Coalescent Processes When the Distribution of Offspring Number Among Individuals Is Highly Skewed},
	Volume = {172},
	Year = {2006}}

@article{pitman:lambda,
	Author = {Pitman, J.},
	Date-Added = {2006-08-01 12:50:48 -0400},
	Date-Modified = {2007-03-22 13:19:31 -0700},
	Journal = {Annals of Probability},
	Pages = {1870-1902},
	Title = {Coalescents with multiple collisions},
	Volume = {27},
	Year = {1999}}

@article{santiago05:sweeps,
	Author = {Santiago, E and A. Caballero},
	Date-Added = {2006-07-31 16:06:36 -0400},
	Date-Modified = {2007-03-22 13:19:31 -0700},
	Journal = {Genetics},
	Pages = {475-483},
	Title = {Variation After a Selective Sweep in a Subdivided Population},
	Volume = {169},
	Year = {2005}}

@article{storz.04:scan,
	Author = {Storz, J. F. and B. A. Payseur and M. W. Nachman},
	Date-Added = {2006-07-31 13:24:18 -0400},
	Date-Modified = {2007-03-22 13:19:31 -0700},
	Journal = {Molecular Biology and Evolution},
	Pages = {1800-1811},
	Title = {Genome Scans of DNA Variability in Humans Reveal Evidence for Selective Sweeps Outside of Africa},
	Volume = {21},
	Year = {2004}}

@article{nielsen01:review,
	Author = {Nielsen, R.},
	Date-Added = {2006-07-29 14:10:45 -0400},
	Date-Modified = {2007-03-22 13:19:31 -0700},
	Journal = {Heredity},
	Pages = {641-647},
	Title = {Statistical tests of neutrality in the age of genomics},
	Volume = {86},
	Year = {2001}}

@article{galtier:bneck,
	Author = {Galtier, N. and F. Depaulis and N. H. Barton},
	Date-Added = {2006-07-28 16:42:27 -0400},
	Date-Modified = {2007-03-22 13:19:31 -0700},
	Journal = {Genetics},
	Pages = {981-987},
	Title = {Detecting Bottlenecks and Selective Sweeps From DNA Sequence Polymorphism},
	Volume = {155},
	Year = {2000}}

@article{thornton07:review,
	Author = {Thornton, K. and J. D. Jensen and C. Becquet and P. Andolfatto},
	Date-Added = {2006-07-27 16:26:34 -0400},
	Date-Modified = {2007-08-24 10:12:48 -0700},
	Journal = {Heredity},
	Pages = {340-348},
	Title = {Progress and prospects in mapping recent selection in the genome},
	Volume = {98},
	Year = {2007}}

@article{bustamante:cost,
	Author = {Bustamante, C.D. and R. Nielsen and S. A. Sawyer and K. M. Olsen and M. D. Purugganan and D. L. Hartl},
	Date-Added = {2006-07-27 12:58:09 -0400},
	Date-Modified = {2007-03-22 13:19:31 -0700},
	Journal = {Nature},
	Pages = {531-534},
	Title = {The cost of inbreeding in {\textit{Arabidopsis}}},
	Volume = {416},
	Year = {2002}}

@article{bustamante:mkprf.humans,
	Author = {Bustamante, C.D. and A. Fledel-Alon and S. Williamson and R. Nielsen and M. Todd Hubisz and S. Glanowski and D. M. Tanenbaum and T. J. White and J. J. Sninsky and R. D. Herandez and D. Civello and M. D. Adams and M. Cargill and A. G. Clark},
	Date-Added = {2006-07-27 12:55:19 -0400},
	Date-Modified = {2007-03-22 13:19:31 -0700},
	Journal = {Nature},
	Pages = {1153-1157},
	Title = {Natural selection on protein-coding genes in the human genome},
	Volume = {437},
	Year = {2005}}

@article{rand.kann96,
	Author = {Rand, D. M. and L. M. Kann},
	Date-Added = {2006-07-27 11:19:20 -0400},
	Date-Modified = {2007-03-22 13:19:31 -0700},
	Journal = {Molecular Biology and Evolution},
	Pages = {735-748},
	Title = {Excess amino acid polymorphism in mitochondrial DNA: contrasts among genes from {\textit{Drosophila}}, mice and humans},
	Volume = {13},
	Year = {1996}}

@article{mktest,
	Author = {McDonald, J. and M. Kreitman},
	Date-Added = {2006-07-27 09:37:37 -0400},
	Date-Modified = {2007-03-22 13:19:31 -0700},
	Journal = {Nature},
	Pages = {652-654},
	Title = {Adaptive protein evolution at the {\textit{Adh}} locus in {\textit{Drosophila}}},
	Volume = {351},
	Year = {1991}}

@article{schlenke04:pnas,
	Author = {Schlenke, T and D. J. Begun},
	Date-Added = {2006-07-27 09:06:55 -0400},
	Date-Modified = {2007-03-22 13:19:31 -0700},
	Journal = {Proceedings of the National Academy of Sciences of the United States of America},
	Pages = {1626-1631},
	Title = {Strong selective sweep associated with a transposon insertion in {\textit{Drosophila simulans}}},
	Volume = {101},
	Year = {2004}}

@article{fu1995,
	Author = {Fu, Y.-X.},
	Date-Added = {2006-07-26 13:09:54 -0400},
	Date-Modified = {2007-03-22 13:19:31 -0700},
	Journal = {Theoretical Population Biology},
	Pages = {172-197},
	Title = {Statistical properties of segregating sites},
	Volume = {48},
	Year = {1995}}

@article{voight06plos,
	Author = {Voight, B. F. and S. Kudaravalli and X. Wen and J. K. Pritchard},
	Date-Added = {2006-07-25 10:09:47 -0400},
	Date-Modified = {2007-03-22 13:19:31 -0700},
	Journal = {Plos Biology},
	Pages = {e72},
	Title = {A Map of Recent Positive Selection in the Human Genome},
	Volume = {4},
	Year = {2006}}

@article{kelley06scan,
	Author = {Kelley, J. L. and J. Madeoy and J. C. Calhoun and W. Swanson and J. M. Akey},
	Date-Added = {2006-07-25 09:35:55 -0400},
	Date-Modified = {2007-03-22 13:19:31 -0700},
	Journal = {Genome Research},
	Note = {In Press},
	Title = {Genomic signatures of positive selection in humans and the limits of outlier approaches},
	Year = {2006}}

@article{durrett04:sweeps,
	Author = {Durrett, R. and J. Schweinsberg},
	Date-Added = {2006-07-23 15:18:07 -0400},
	Date-Modified = {2007-03-22 13:19:31 -0700},
	Journal = {Theoretical Population Biology},
	Pages = {129-138},
	Title = {Approximating selective sweeps},
	Volume = {66},
	Year = {2004}}

@article{slatkin01,
	Author = {Slatkin, M.},
	Date-Added = {2006-07-23 15:14:48 -0400},
	Date-Modified = {2007-03-22 13:19:31 -0700},
	Journal = {Genetical Research},
	Local-Url = {file://localhost/Users/kevin/Documents/Papers/Slatkin2001GenetRes0.pdf},
	Pages = {49-57},
	Title = {Simulating genealogies of selected alleles in a population of variable size},
	Volume = {78},
	Year = {2001},
	Bdsk-File-1 = {YnBsaXN0MDDUAQIDBAUGCQpYJHZlcnNpb25UJHRvcFkkYXJjaGl2ZXJYJG9iamVjdHMSAAGGoNEHCFRyb290gAFfEA9OU0tleWVkQXJjaGl2ZXKoCwwXGBkdJCVVJG51bGzTDQ4PEBEUViRjbGFzc1dOUy5rZXlzWk5TLm9iamVjdHOAB6ISE4ACgAOiFRaABIAGWWFsaWFzRGF0YVxyZWxhdGl2ZVBhdGjSDRobHFdOUy5kYXRhgAVPEQGwAAAAAAGwAAIAAAxNYWNpbnRvc2ggSEQAAAAAAAAAAAAAAAAAAADBCw5oSCsAAAAd7fwYU2xhdGtpbjIwMDFHZW5ldFJlczAucGRmAAAAAAAAAAAAAAAAAAAAAAAAAAAAAAAAAAAAAAAAAAAAAAAAAAAAAB3urcAbMCQAAAAAAAAAAAABAAIAAAkgAAAAAAAAAAAAAAAAAAAABlBhcGVycwAQAAgAAMELcNgAAAARAAgAAMAboKQAAAABABAAHe38ABcBYAAW5/IAAG7oAAIAQk1hY2ludG9zaCBIRDpVc2VyczprZXZpbjpEb2N1bWVudHM6UGFwZXJzOlNsYXRraW4yMDAxR2VuZXRSZXMwLnBkZgAOADIAGABTAGwAYQB0AGsAaQBuADIAMAAwADEARwBlAG4AZQB0AFIAZQBzADAALgBwAGQAZgAPABoADABNAGEAYwBpAG4AdABvAHMAaAAgAEgARAASADVVc2Vycy9rZXZpbi9Eb2N1bWVudHMvUGFwZXJzL1NsYXRraW4yMDAxR2VuZXRSZXMwLnBkZgAAEwABLwAAFQACAAz//wAA0h4fICFYJGNsYXNzZXNaJGNsYXNzbmFtZaMhIiNdTlNNdXRhYmxlRGF0YVZOU0RhdGFYTlNPYmplY3RfECIuLi9QYXBlcnMvU2xhdGtpbjIwMDFHZW5ldFJlczAucGRm0h4fJieiJyNcTlNEaWN0aW9uYXJ5AAgAEQAaAB8AKQAyADcAOgA/AEEAUwBcAGIAaQBwAHgAgwCFAIgAigCMAI8AkQCTAJ0AqgCvALcAuQJtAnICewKGAooCmAKfAqgCzQLSAtUAAAAAAAACAQAAAAAAAAAoAAAAAAAAAAAAAAAAAAAC4g==}}

@article{mcvean.awadalla.ea:coalescent-based,
	Abstract = {Determining the amount of recombination in the
                  genealogical history, of a sample of genes is important to
                  both evoltionary, biology and medical population genetics.
                  However, recurrent mutation call produce patterns of
                  genetic diversity similar to those generated by
                  recombination and can bias estimates of the population
                  recombination rate. HUDSON (2001) has suggested an
                  approximate-likelihood method based on coalescent theory,
                  to estimate the population recombination rate, 4N(e)r,
                  under an infinite-sites model of sequence evolution. Here
                  we extend the method to the estimation of the recombination
                  rate in genomes, such as those OF many viruses and
                  bacteria, where the rate of recurrent mutation is high. In
                  addition, we develop a powerful permutation-based method
                  for detecting recombination that is both more powerful than
                  other permutation-based methods and robust to
                  misspecification of (lie model of sequence evolution. We
                  apply the method to sequence data from viruses, bacteria,
                  and human mitochondrial DNA. The extremely high level of
                  recombination detected in both HIV1 and HIV2 sequences
                  demonstrates that recombination cannot be ignored in the
                  analysis of viral population genetic data.},
	Author = {McVean, G. and Awadalla, P. and Fearnhead, P.},
	Date-Modified = {2007-03-22 13:19:31 -0700},
	Journal = {Genetics},
	Keywords = {mitochondrial-dna; drosophila-melanogaster; natural- populations; events; locus},
	Number = {3},
	Pages = {1231-1241},
	Title = {A coalescent-based method for detecting and estimating recombination from gene sequences},
	Volume = {160},
	Year = {2002}}

@article{wakeley:bigsamples,
	Author = {Wakeley, J. and T. Takahasi},
	Date-Modified = {2007-03-22 13:19:31 -0700},
	Journal = {Molecular biology and evolution},
	Pages = {208-213},
	Title = {Gene genealogies when the sample size exceeds the effective size of the population},
	Volume = {20},
	Year = {2003}}

@book{hein:book,
	Author = {Hein, J. and M. Schierup and C. Wiuf},
	Date-Modified = {2007-03-22 13:19:31 -0700},
	Publisher = {Oxford University Press},
	Title = {Gene Genealogies, Variation, and Evolution},
	Year = {2005}}

@article{donnelly.tavare:review,
	Author = {Donnelly, P. and S. Tavare},
	Date-Modified = {2007-03-22 13:19:31 -0700},
	Journal = {Annual Review of Genetics},
	Pages = {401-421},
	Title = {Coalescents and Genalogical Stuctures under Neutrality},
	Volume = {29},
	Year = {1995}}

@article{kingman:coal,
	Author = {Kingman, J. F. C.},
	Date-Modified = {2007-03-22 13:19:31 -0700},
	Journal = {Stoch. proc. Applns.},
	Pages = {235-248},
	Title = {The coalescent},
	Volume = {13},
	Year = {1982}}

@article{kingman:genealogy,
	Author = {Kingman, J. F. C.},
	Date-Modified = {2007-03-22 13:19:31 -0700},
	Journal = {Journal of Applied Probability},
	Pages = {27-43},
	Title = {On the genealogy of large populations},
	Volume = {19A},
	Year = {1982}}

@incollection{nordborg:review,
	Address = {Chichester, UK},
	Author = {Nordborg, M.},
	Booktitle = {Handbook of Statistical Genetics},
	Chapter = {7},
	Date-Modified = {2007-03-22 13:19:31 -0700},
	Editor = {Balding, D. and M. Bishop and C. Cannings},
	Publisher = {Wiley},
	Title = {Coalescent Theory},
	Year = {2001}}

@article{vicosoNRG,
	Author = {Vicoso, B. and B. Charlesworth},
	Date-Modified = {2007-03-22 13:19:31 -0700},
	Journal = {Nature Reviews Genetics},
	Pages = {645-653},
	Title = {Evolution on the {X} chromosome: unusual patterns and processes},
	Volume = {7},
	Year = {2006}}

@article{ccb,
	Author = {Charlesworth, B. and Coyne, J. A. and Barton, N. H.},
	Date-Modified = {2007-03-22 13:19:31 -0700},
	Journal = {American Naturalist},
	Number = {1},
	Optnote = {J3407 AMER NATURALIST},
	Pages = {113-146},
	Title = {The Relative Rates of Evolution of Sex-Chromosomes and Autosomes},
	Volume = {130},
	Year = {1987}}

@book{Numerical-Recipes,
	Address = {Cambridge (UK) and New York},
	Author = {William H. Press and Brian P. Flannery and Saul A. Teukolsky and William T. Vetterling},
	Date-Modified = {2007-03-22 13:19:31 -0700},
	Edition = {2nd},
	Isbn = {0-521-43064-X},
	Publisher = {Cambridge University Press},
	Title = {Numerical Recipes: The Art of Scientific Computing},
	Year = {1992}}

@book{wakeley:coalbook,
	Author = {Wakeley, J.},
	Date-Modified = {2007-03-22 13:19:31 -0700},
	Note = {In preparation},
	Publisher = {Roberts \& Company},
	Title = {Coalescent Theory: An Introduction},
	Url = {http://www.roberts-publishers.com/wakeley/},
	Year = {2006},
	Bdsk-Url-1 = {http://www.roberts-publishers.com/wakeley/}}

@incollection{Hudson:Review,
	Author = {Hudson, R. R.},
	Booktitle = {Oxford Surveys in Evolutionary Biology},
	Date-Modified = {2007-03-22 13:19:31 -0700},
	Pages = {1-42},
	Title = {Gene genealogies and the coalescent process},
	Volume = {7},
	Year = {1990}}

@article{simcoal2,
	Author = {Laval, G. and L. Excoffier},
	Date-Added = {2006-07-15 15:25:56 -0400},
	Date-Modified = {2007-03-22 13:19:31 -0700},
	Journal = {Bioinformatics},
	Pages = {2485-2487},
	Title = {SIMCOAL 2.0: a program to simulate genomic diversity over large recombining regions in a subdivided population with a complex history},
	Volume = {20},
	Year = {2004}}

@article{simcoal,
	Author = {Excoffier, L. and J. Novembre and S. Schneider},
	Date-Added = {2006-07-15 15:24:45 -0400},
	Date-Modified = {2007-03-22 13:19:31 -0700},
	Journal = {J. Heredity},
	Number = {506-510},
	Title = {A general coalescent program for the simulation of molecular data in interconnected populations with arbitrary demography},
	Volume = {91},
	Year = {2000}}

@article{coop.griffiths.2004,
	Author = {Coop, G. and R. C. Griffiths},
	Date-Added = {2006-07-12 10:36:00 -0400},
	Date-Modified = {2007-03-22 13:19:31 -0700},
	Journal = {Theoretical Population Biology},
	Pages = {219-232},
	Title = {Ancestral inference on gene trees under selection},
	Volume = {66},
	Year = {2004}}

@article{griffiths2003,
	Author = {Griffiths, R. C.},
	Date-Added = {2006-07-12 10:27:26 -0400},
	Date-Modified = {2007-03-22 13:19:31 -0700},
	Journal = {Theoretical Population Biology},
	Local-Url = {file://localhost/Users/kevin/Documents/Papers/Griffiths2003TPB0.pdf},
	Pages = {241-251},
	Title = {The frequency spectrum of a mutation, and its age, in a general diffusion model},
	Volume = {64},
	Year = {2003}}

@book{crowkimura,
	Author = {J. F. Crow and M. Kimura},
	Date-Added = {2006-07-08 12:55:00 -0400},
	Date-Modified = {2007-03-22 13:19:31 -0700},
	Publisher = {Alpha Editions},
	Title = {An Introduction to Population Genetics Theory},
	Year = {1973}}

@article{betancourt:pseudoXA,
	Author = {Betancourt, A. J. and Y. Kim and H. A. Orr},
	Date-Added = {2006-06-15 09:30:44 -0400},
	Date-Modified = {2007-03-22 13:19:31 -0700},
	Journal = {Genetics},
	Local-Url = {file://localhost/Users/kevin/Documents/Papers/Betancourt_et_al20040.pdf},
	Pages = {2261-2269},
	Title = {A Pseudohitchhiking Model of X vs. Autosomal Diversity},
	Volume = {168},
	Year = {2004}}

@article{teshima:dominance,
	Author = {Teshima, K. M. and M. Przeworski},
	Date-Added = {2006-06-15 09:28:46 -0400},
	Date-Modified = {2007-03-22 13:19:31 -0700},
	Journal = {Genetics},
	Local-Url = {file://localhost/Users/kevin/Documents/Papers/TeshimaPrzeworskiGenetics20060.pdf},
	Pages = {713-718},
	Title = {Directional Positive Selection on an Allele of Arbitrary Dominance},
	Volume = {172},
	Year = {2006},
	Bdsk-File-1 = {YnBsaXN0MDDUAQIDBAUGCQpYJHZlcnNpb25UJHRvcFkkYXJjaGl2ZXJYJG9iamVjdHMSAAGGoNEHCFRyb290gAFfEA9OU0tleWVkQXJjaGl2ZXKoCwwXGBkdJCVVJG51bGzTDQ4PEBEUViRjbGFzc1dOUy5rZXlzWk5TLm9iamVjdHOAB6ISE4ACgAOiFRaABIAGWWFsaWFzRGF0YVxyZWxhdGl2ZVBhdGjSDRobHFdOUy5kYXRhgAVPEQHWAAAAAAHWAAIAAAxNYWNpbnRvc2ggSEQAAAAAAAAAAAAAAAAAAADBCw5oSCsAAAAd7fwfVGVzaGltYVByemV3b3Jza2lHZW4jMURFRUJCLnBkZgAAAAAAAAAAAAAAAAAAAAAAAAAAAAAAAAAAAAAAAAAAAB3uu8Ci8QcAAAAAAAAAAAABAAIAAAkgAAAAAAAAAAAAAAAAAAAABlBhcGVycwAQAAgAAMELcNgAAAARAAgAAMCjU3cAAAABABAAHe38ABcBYAAW5/IAAG7oAAIASU1hY2ludG9zaCBIRDpVc2VyczprZXZpbjpEb2N1bWVudHM6UGFwZXJzOlRlc2hpbWFQcnpld29yc2tpR2VuIzFERUVCQi5wZGYAAA4ARgAiAFQAZQBzAGgAaQBtAGEAUAByAHoAZQB3AG8AcgBzAGsAaQBHAGUAbgBlAHQAaQBjAHMAMgAwADAANgAwAC4AcABkAGYADwAaAAwATQBhAGMAaQBuAHQAbwBzAGgAIABIAEQAEgA/VXNlcnMva2V2aW4vRG9jdW1lbnRzL1BhcGVycy9UZXNoaW1hUHJ6ZXdvcnNraUdlbmV0aWNzMjAwNjAucGRmAAATAAEvAAAVAAIADP//AADSHh8gIVgkY2xhc3Nlc1okY2xhc3NuYW1loyEiI11OU011dGFibGVEYXRhVk5TRGF0YVhOU09iamVjdF8QLC4uL1BhcGVycy9UZXNoaW1hUHJ6ZXdvcnNraUdlbmV0aWNzMjAwNjAucGRm0h4fJieiJyNcTlNEaWN0aW9uYXJ5AAgAEQAaAB8AKQAyADcAOgA/AEEAUwBcAGIAaQBwAHgAgwCFAIgAigCMAI8AkQCTAJ0AqgCvALcAuQKTApgCoQKsArACvgLFAs4C/QMCAwUAAAAAAAACAQAAAAAAAAAoAAAAAAAAAAAAAAAAAAADEg==}}

@article{thornton:fastX,
	Author = {Thornton, K. and D. Bachtrog and P. Andolfatto},
	Date-Added = {2006-06-02 15:47:57 -0400},
	Date-Modified = {2007-03-22 13:19:31 -0700},
	Journal = {Genome Research},
	Pages = {498-504},
	Title = {X chromosomes and autosomes evolve at similar rates in \textit{Drosophila}: No evidence for faster-X protein evolution},
	Volume = {16},
	Year = {2006}}

@article{halligan.genome.wide.constraint.2006,
	Author = {Halligan, D. L. and P. D. Keightley},
	Date-Added = {2006-06-02 14:24:21 -0400},
	Date-Modified = {2007-03-22 13:19:31 -0700},
	Journal = {Genome Research},
	Title = {Ubiquitous selective constraints in the {\textit{Drosophila}} genome revealed by a genome-wide interspecies comparison},
	Volume = {16},
        Pages = {875-884},
	Year = {2006}}

@article{heyharris1999,
	Author = {Hey, J. and E. Harris},
	Date-Added = {2006-06-02 11:09:57 -0400},
	Date-Modified = {2007-03-22 13:19:31 -0700},
	Journal = {Molecular Biology and Evolution},
	Pages = {1423-1426},
	Title = {Population Bottlenecks and Patterns of Human Polymorphism},
	Volume = {16},
	Year = {1999}}

@article{faywu1999,
	Author = {Fay, J.C. and C.-I. Wu},
	Date-Added = {2006-06-02 11:08:24 -0400},
	Date-Modified = {2007-03-22 13:19:31 -0700},
	Journal = {Molecular Biology and Evolution},
	Pages = {1003-1005},
	Title = {A Human Population Bottleneck Can Account for the Discordance Between Patterns of Mitochondrial Versus Nuclear DNA Variation},
	Volume = {16},
	Year = {1999}}

@article{jensen:missing,
	Author = {Jensen, J. D. and K. R. Thornton and C. F. Aquadro},
	Date-Modified = {2007-03-22 13:19:31 -0700},
	Journal = {Genetics},
	Title = {Inferring selection in partially sequenced regions},
	Year = {{submitted}}}

@article{carlson:perlegenD,
	Author = {Carlson, C. S. and D. J. Thomans and M. A. Eberle and J. E. Swanson and R. J. Livingston and M. J. Rieder and D. A. Nickerson},
	Date-Modified = {2007-03-22 13:19:31 -0700},
	Journal = {Genome Research},
	Pages = {1553-1565},
	Title = {Genomic regions exhibiting positive selection identified from dense genotype data},
	Volume = {15},
	Year = {2005}}

@article{rasmus:asc,
	Author = {Nielsen, R. and M. J. Hubisz and A. G. Clark},
	Date-Modified = {2007-03-22 13:19:31 -0700},
	Journal = {Genetics},
	Pages = {2373-2382},
	Title = {Reconstituting the Frequency Spectrum of Ascertained Single-Nucleotide Polymorphism Data},
	Volume = {168},
	Year = {2004}}

@article{andy:ascbias,
	Author = {Clark, A. G. and M. J. Hubisz and C. D. Bustamante and S. H. Williamson and R. Nielsen},
	Date-Modified = {2007-03-22 13:19:31 -0700},
	Journal = {Genome Research},
	Pages = {1496-1502},
	Title = {Ascertainment bias in studies of human genome-wide polymorphism},
	Volume = {15},
	Year = {2005}}

@article{perlegen,
	Author = {Hinds, D. A. and L. L. Stuve and G. B. Nilson and E. Halperin and E. Eskin and D. G. Ballinger and K. A. Frazer and D. R. Cox},
	Date-Modified = {2007-03-22 13:19:31 -0700},
	Journal = {Science},
	Pages = {1072-1079},
	Title = {Whole-Genome Patterns of Common DNA Variation in Three Human Populations},
	Volume = {307},
	Year = {2005}}

@article{hapmap,
	Author = {{The International HapMap Consortium}},
	Date-Modified = {2007-03-22 13:19:31 -0700},
	Journal = {Nature},
	Pages = {1299-1320},
	Title = {A haplotype map of the human genome},
	Volume = {437},
	Year = {2005}}

@article{barton.genres.1998,
	Author = {Barton, N.},
	Date-Modified = {2007-03-22 13:19:31 -0700},
	Journal = {Genetical Research},
	Pages = {123-133},
	Title = {The effect of hitch-hiking on neutral genealogies},
	Volume = {72},
	Year = {1998}}



@Article{akashi1996,
  author = 	 {H. Akashi},
  title = 	 {Molecular  evolution  between {\textit{Drosophila  melanogaster}} and {\textit{D. simulans}}:  reduced  codon  bias,  faster  rates of amino acid substitution, and  larger  proteins  in {\textit{D. melanogaster}}},
  journal = 	 {Genetics},
  year = 	 {1996},
  OPTkey = 	 {},
  volume = 	 {144},
  OPTnumber = 	 {},
  pages = 	 {1297-1307},
  OPTmonth = 	 {},
  OPTnote = 	 {},
  OPTannote = 	 {}
}

@article{akashi1995,
	Author = {Akashi, H.},
	Date-Modified = {2007-03-22 13:19:31 -0700},
	Journal = {Genetics},
	Pages = {1067-1076},
	Title = {Inferring weak selection from patterns of polymorphism and divergence at "silent" sites in {\textit{Drosophila}}},
	Volume = {139},
	Year = {1995}}

@article{andolfatto.nature.2005,
	Author = {Andolfatto, P.},
	Date-Modified = {2007-03-22 13:19:31 -0700},
	Journal = {Nature},
	Pages = {1149-1152},
	Title = {Adaptive evolution of non-coding DNA in {\textit{Drosohila}}},
	Volume = {437},
	Year = {2005}}

@article{teshima,
	Author = {Teshima, K. M. and G. Coop and M. Przeworski},
	Date-Modified = {2007-03-22 13:19:31 -0700},
	Journal = {Genome Research},
	Local-Url = {file://localhost/Users/kevin/Documents/Papers/Teshima_et_al2006GenRes0.pdf},
	Pages = {702-712},
	Title = {How reliable are empirical genome scans for selective sweeps?},
	Volume = {16},
	Year = {2006},
	Bdsk-File-1 = {YnBsaXN0MDDUAQIDBAUGCQpYJHZlcnNpb25UJHRvcFkkYXJjaGl2ZXJYJG9iamVjdHMSAAGGoNEHCFRyb290gAFfEA9OU0tleWVkQXJjaGl2ZXKoCwwXGBkdJCVVJG51bGzTDQ4PEBEUViRjbGFzc1dOUy5rZXlzWk5TLm9iamVjdHOAB6ISE4ACgAOiFRaABIAGWWFsaWFzRGF0YVxyZWxhdGl2ZVBhdGjSDRobHFdOUy5kYXRhgAVPEQHAAAAAAAHAAAIAAAxNYWNpbnRvc2ggSEQAAAAAAAAAAAAAAAAAAADBCw5oSCsAAAAd7fwcVGVzaGltYV9ldF9hbDIwMDZHZW5SZXMwLnBkZgAAAAAAAAAAAAAAAAAAAAAAAAAAAAAAAAAAAAAAAAAAAAAAAB3uusCJ2rUAAAAAAAAAAAABAAIAAAkgAAAAAAAAAAAAAAAAAAAABlBhcGVycwAQAAgAAMELcNgAAAARAAgAAMCKPSUAAAABABAAHe38ABcBYAAW5/IAAG7oAAIARk1hY2ludG9zaCBIRDpVc2VyczprZXZpbjpEb2N1bWVudHM6UGFwZXJzOlRlc2hpbWFfZXRfYWwyMDA2R2VuUmVzMC5wZGYADgA6ABwAVABlAHMAaABpAG0AYQBfAGUAdABfAGEAbAAyADAAMAA2AEcAZQBuAFIAZQBzADAALgBwAGQAZgAPABoADABNAGEAYwBpAG4AdABvAHMAaAAgAEgARAASADlVc2Vycy9rZXZpbi9Eb2N1bWVudHMvUGFwZXJzL1Rlc2hpbWFfZXRfYWwyMDA2R2VuUmVzMC5wZGYAABMAAS8AABUAAgAM//8AANIeHyAhWCRjbGFzc2VzWiRjbGFzc25hbWWjISIjXU5TTXV0YWJsZURhdGFWTlNEYXRhWE5TT2JqZWN0XxAmLi4vUGFwZXJzL1Rlc2hpbWFfZXRfYWwyMDA2R2VuUmVzMC5wZGbSHh8mJ6InI1xOU0RpY3Rpb25hcnkACAARABoAHwApADIANwA6AD8AQQBTAFwAYgBpAHAAeACDAIUAiACKAIwAjwCRAJMAnQCqAK8AtwC5An0CggKLApYCmgKoAq8CuALhAuYC6QAAAAAAAAIBAAAAAAAAACgAAAAAAAAAAAAAAAAAAAL2}}

@article{charlesworth:fst,
	Author = {Charlesworth, B.},
	Date-Modified = {2007-03-22 13:19:31 -0700},
	Journal = {Molecular Biology and Evolution},
	Pages = {538-543},
	Title = {Measures of divergence between populations and the effect of forces that reduce variability},
	Volume = {15},
	Year = {1998}}

@article{sweeps,
	Author = {Maynard-Smith, J. and J. Haigh},
	Date-Modified = {2007-03-22 13:19:31 -0700},
	Journal = {Genetical Research},
	Pages = {23-35},
	Title = {The hitch-hiking effect of a favorable gene},
	Volume = {23},
	Year = {1974}}

@article{kim.nielsen.2004,
	Author = {Kim, Y. and R. Nielsen},
	Date-Modified = {2007-03-22 13:19:31 -0700},
	Journal = {Genetics},
	Pages = {1513-1524},
	Title = {Linkage Disequilibrium as a Signature of Selective Sweeps},
	Volume = {167},
	Year = {2004}}

@article{nielsen05scans,
	Author = {Nielsen, R. and S. Williamson and Y. Kim and M. J. Hubisz and A. G. Clark and C. Bustamante},
	Date-Modified = {2007-03-22 13:19:31 -0700},
	Journal = {Genome Research},
	Pages = {1566-1575},
	Title = {Genomic scans for selective sweeps using SNP data},
	Volume = {15},
	Year = {2005}}

@article{williamson05pnas,
	Author = {Williamson, S. H. and R. Hernandez and A. Fledel-Alon and Lan Zhu and R. Nielsen and C. D. Bustamante},
	Date-Modified = {2007-03-22 13:19:31 -0700},
	Journal = {PNAS},
	Pages = {7882-7887},
	Title = {Simultaneous inference of selection and population growth from patterns of variation in the human genome},
	Volume = {102},
	Year = {2005}}

@article{hermisson.05,
	Author = {Hermisson, J. and P. S. Pennings},
	Date-Modified = {2007-03-22 13:19:31 -0700},
	Journal = {Genetics},
	Pages = {2335-2352},
	Title = {Soft Sweeps: Molecular Population Genetics of Adaptation From Standing Genetic Variation},
	Volume = {169},
	Year = {2005}}

@article{prz.standing.var.2005,
	Author = {Przeworski, M. and G. Coop and J. D. Wall},
	Date-Modified = {2007-03-22 13:19:31 -0700},
	Journal = {Evolution},
	Local-Url = {file://localhost/Users/kevin/Documents/Papers/Prz_et_al_Evolution_20050.pdf},
	Pages = {2312-2323},
	Title = {Signature of positive selection on standing variation},
	Volume = {59},
	Year = {2005}}

@article{dumont:notch,
	Author = {Bauer-DuMont, V. and C. F. Aquadro},
	Date-Modified = {2007-03-22 13:19:31 -0700},
	Journal = {Genetics},
	Pages = {639-653},
	Title = {Multiple signatures of positive selection downstream of \textit{Notch} on the tip X chromosome in \textit{Drosophila melanogaster}},
	Volume = {171},
	Year = {2005}}

@article{beisswanger06wapl,
	Author = {Beisswanger, S. and W. Stephan and D. DeLorenzo},
	Date-Modified = {2007-03-22 13:19:31 -0700},
	Journal = {Genetics},
	Optnote = {InPress},
	Pages = {265-274},
	Title = {Evidence for a selective sweep in the \textit{wapl} region of \textit{Drosophila melanogaster}},
	Volume = {172},
	Year = {2006}}

@article{pool:ancestral.sweep,
	Author = {Pool, J. E. and V. Bauer-DuMont and J. L. Mueller and C. F. Aquadro},
	Date-Modified = {2007-03-22 13:19:31 -0700},
	Journal = {Genetics},
	Pages = {1093-1105},
	Title = {A scan of molecular variation leads to the narrow localization of a selective sweep affecting both Afrotropical and cosmopolitan populations of \textit{Drosophila melanogaster}},
	Volume = {172},
	Year = {2006}}

@incollection{griffiths.arg.1997,
	Author = {Griffiths, R. C. and P. Marjoram},
	Booktitle = {Progress in Population Genetics and Human Evolution},
	Date-Modified = {2007-03-22 13:19:31 -0700},
	Editor = {P. Donnelly and S. Tavare},
	Pages = {257-270},
	Publisher = {Springer-Verlag, New York},
	Title = {An ancestral recombination graph},
	Year = {1997}}

@article{kim.stephan.inf.2002,
	Author = {Kim, Y. and W. Stephan},
	Date-Modified = {2007-03-22 13:19:31 -0700},
	Journal = {Genetics},
	Pages = {765-777},
	Title = {Detecting a Local Signature of Genetic Hitchhiking Along a Recombining Chromosome},
	Volume = {160},
	Year = {2002}}

@article{stephan.ea.1992,
	Author = {Stephan, W and T.H.E. Wiehe and M. W. Lenz},
	Date-Modified = {2007-03-22 13:19:31 -0700},
	Journal = {Theoretical Population Biology},
	Pages = {237-254},
	Title = {The effect of strongly selected substitutions on neutral polymorphism: analytical results based on diffusion theory},
	Volume = {41},
	Year = {1992}}

@article{ThorntonTajimasD,
	Author = {Thornton, K.},
	Date-Modified = {2007-03-22 13:19:31 -0700},
	Journal = {Genetics},
	Pages = {2143-2148},
	Title = {Recombination and the properties of Tajima's D in the context of approximate likelihood calculation},
	Volume = {171},
	Year = {2005}}

@article{Jensen05GOF,
	Author = {Jensen, J.D. and Y. Kim and V. Bauer DuMont and C.F. Aquadro and C.D. Bustamante},
	Date-Modified = {2007-03-22 13:19:31 -0700},
	Journal = {Genetics},
	Pages = {1401-1410},
	Title = {Distinguishing Between Selective Sweeps and Demography Using DNA Polymorphism Data},
	Volume = {170},
	Year = {2005}}

@article{ThorntonAndolfattoBneck,
	Author = {Thornton, K. and P. Andolfatto},
	Date-Modified = {2007-03-22 13:19:31 -0700},
	Journal = {Genetics},
	Pages = {1607-1619},
	Title = {Approximate {Bayesian} Inference reveals evidence for a recent, severe, bottleneck in a Netherlands population of \textit{Drosophila melanogaster}},
	Volume = {172},
	Year = {2006}}

@article{haddrillGB,
	Author = {Haddrill, P.R. and B. Charlesworth and D.L. Halligan and P. Andolfatto},
	Date-Modified = {2007-03-22 13:19:31 -0700},
	Journal = {Genome Biology},
	Pages = {R67},
	Title = {Patterns of intron sequence evolution in \textit{Drosophila} are dependent upon length and GC content},
	Year = {2005}}

@article{depaulis.veuille:neutrality,
	Author = {Depaulis, F. and Veuille, M.},
	Date-Modified = {2007-03-22 13:19:31 -0700},
	Journal = {Molecular Biology and Evolution},
	Keywords = {neutrality test; molecular polymorphism; infinite-site model drosophila-melanogaster; statistical tests; coalescent process; dna polymorphism; selection; population; recombination; mutations},
	Number = {12},
	Optnote = {148VZ MOL BIOL EVOL},
	Pages = {1788-1790},
	Title = {Neutrality tests based on the distribution of haplotypes under an infinite-site model},
	Volume = {15},
	Year = {1998}}

@article{strobeck1987,
	Author = {Strobeck, C.},
	Date-Modified = {2007-03-22 13:19:31 -0700},
	Journal = {Genetics},
	Pages = {149-153},
	Title = {Average number of nucleotide differences in a sample from a single subpopulation: a test for population subdivision},
	Volume = {117},
	Year = {1987}}

@article{fu1996,
	Author = {Fu, Y.-X.},
	Date-Modified = {2007-03-22 13:19:31 -0700},
	Journal = {Genetics},
	Pages = {557-570},
	Title = {New statistical tests of neutrality for DNA samples from a population},
	Volume = {146},
	Year = {1996}}

@article{listephan05genetics,
	Author = {Li, H. and W. Stephan},
	Date-Modified = {2007-03-22 13:19:31 -0700},
	Journal = {Genetics},
	Pages = {377-384},
	Title = {Maximum Likelihood Methods for Detecting Recent Positive Selection and Localizing the Selected Site in the Genome},
	Volume = {171},
	Year = {2005}}

@article{zhubustamante05genetics,
	Author = {Zhu, L. and C. Bustamante},
	Date-Modified = {2007-03-22 13:19:31 -0700},
	Journal = {Genetics},
	Note = {In Press},
	Title = {A Composite Likelihood Approach for Detecting Directional Selection From DNA Sequence Data},
	Year = {2005}}

@article{ometto05mbe,
	Author = {Ometto, L. and S. Glinka and D. DeLorenzo and W. Stephan},
	Date-Modified = {2007-03-22 13:19:31 -0700},
	Journal = {Molecular Biology and Evolution},
	Pages = {2119-2130},
	Title = {Inferring the effects of demography and selection on \textit{Drosophila melanogaster} populations from a chromosome-wide scan of DNA variation},
	Volume = {22},
	Year = {2005}}

@article{lazzaroclark03,
	Author = {Lazzaro, B. P. and A. G. Clark},
	Date-Modified = {2007-03-22 13:19:31 -0700},
	Journal = {Molecular Biology and Evolution},
	Pages = {914-213},
	Title = {Molecular Population Genetics of Inducible Antibacterial Peptide Genes in \textit{Drosophila melanogaster}},
	Volume = {20},
	Year = {2003}}

@article{schmid05arabidopsis,
	Author = {Schmid, K. J. and S. Ramos-Osnins and H. Ringys-Beckstein and B. Weisshaar and T. Mitchell-Olds},
	Date-Modified = {2007-03-22 13:19:31 -0700},
	Journal = {Genetics},
	Pages = {1601-1615},
	Title = {A Multilocus Sequence Survey in \textit{Arabidopsis} \textit{thaliana} Reveals a Genome-Wide Departure From a Neutral Model of DNA Sequence Polymorphism},
	Volume = {169},
	Year = {2005}}

@article{wright05maize,
	Author = {Wright, S. I. and I. V. Bi and S. G. Schroeder and M. Yamasaki and J. F. Doebley and M. D. McMullen and B. S. Gaut},
	Date-Modified = {2007-03-22 13:19:31 -0700},
	Journal = {Science},
	Pages = {1310-1314},
	Title = {The Effects of Artificial Selection on the Maize Genome},
	Volume = {308},
	Year = {2005}}

@article{stajich2005,
	Author = {Stajich, J. E. and M. W. Hahn},
	Date-Modified = {2007-03-22 13:19:31 -0700},
	Journal = {Mol. Biol. Evol.},
	Pages = {63-73},
	Title = {Disentangling the Effects of Demography and Selection in Human History},
	Volume = {22},
	Year = {2005}}

@article{kauer:2002,
	Author = {Kauer, M. O. and B. Zangerl and D. Dieringer and C. Schlotterer},
	Date-Modified = {2007-03-22 13:19:31 -0700},
	Journal = {Genetics},
	Pages = {247-256},
	Title = {Chromosomal Patterns of Microsatellite Variability Contrast Sharply in African and Non-African Populations of \textit{Drosophila melanogaster}},
	Volume = {160},
	Year = {2002}}

@article{kauer:hhmap,
	Author = {Kauer, M. O. and D. Dieringer and C. Schlotterer},
	Date-Modified = {2007-03-22 13:19:31 -0700},
	Journal = {Genetics},
	Pages = {1137-1148},
	Title = {A Microsatellite Variability Screen for Positive Selection Associated With the "Out of Africa" Habitat Expansion of \textit{Drosophila melanogaster}},
	Volume = {165},
	Year = {2003}}

@article{takahashi:cut,
	Author = {Takahashi, A. and S.-C. Tsaur and J. A. Coyne and C.-I. Wu},
	Date-Modified = {2007-03-22 13:19:31 -0700},
	Journal = {PNAS},
	Pages = {3920-3925},
	Title = {The nucleotide changes governing cuticular hydrocarbon variation and their evolution in \textit{Drosophila melanogaster}},
	Volume = {98},
	Year = {2001}}

@article{schlotterer:soapbox,
	Author = {Schlotterer, C.},
	Date-Modified = {2007-03-22 13:19:31 -0700},
	Journal = {Trends in Genetics},
	Pages = {32-38},
	Title = {Hitchhiking mapping{ - }functional genomics from the population genetics perspective},
	Volume = {19},
	Year = {2003}}

@article{schlotterer:lnrv,
	Author = {Schlotterer, C.},
	Date-Modified = {2007-03-22 13:19:31 -0700},
	Journal = {Genetics},
	Pages = {753-763},
	Title = {A Microsatellite-Based Multilocus Screen for the Identification of Local Selective Sweeps},
	Volume = {160},
	Year = {2002}}

@article{tishkoff03,
	Author = {Tishkoff, S. A. and B. C. Verrelli},
	Date-Modified = {2007-03-22 13:19:31 -0700},
	Journal = {Annual Review of Genomics \& Human Genetics},
	Pages = {293-340},
	Title = {Patters of human genetic diversity: implications for human evolutionary history and disease},
	Volume = {4},
	Year = {2003}}

@article{thornton05,
	Author = {Thornton, K. and M. Long},
	Date-Modified = {2007-03-22 13:19:31 -0700},
	Journal = {Molecular Biology and Evolution},
	Pages = {273--284},
	Title = {Excess of amino acid substitutions relative to polymorphism between {X}-linked duplications in \textit{Drosophila melanogaster}},
	Volume = {22},
	Year = {2005}}

@article{orengo2004,
	Author = {Orengo, D.J. and M. Aguade},
	Date-Modified = {2007-03-22 13:19:31 -0700},
	Journal = {Genetics},
	Number = {4},
	Pages = {1759--1766},
	Title = {Detecting the footprint of positive selection in a European population of \textit{Drosophila melanogaster}: Multilocus pattem of variation and distance to coding regions},
	Volume = {167},
	Year = {2004}}

@article{harrpnas02,
	Author = {Harr, B. and Kauer, M. and Schlotterer, C.},
	Date-Modified = {2007-03-22 13:19:31 -0700},
	Journal = {Proceedings of the National Academy of Sciences of the United States of America},
	Number = {20},
	Pages = {12949-12954},
	Title = {Hitchhiking mapping: A population-based fine-mapping strategy for adaptive mutations in \textit{Drosophila melanogaster}},
	Volume = {99},
	Year = {2002}}

@article{hammer04genetics,
	Author = {M. F. Hammer and D. Garrigan and E. Wood and J. A. Wilder and Z. Mobasher and A. Bigham and J. G. Krenz and M. W. Nachman},
	Date-Modified = {2007-03-22 13:19:31 -0700},
	Journal = {Genetics},
	Pages = {1841-1853},
	Title = {Heterogeneous Patterns of Variation Among Multiple Human X-Linked Loci: The Possible Role of Diversity-Reducing Selection in Non-Africans},
	Volume = {167},
	Year = {2004}}

@article{tajima:evolutionary,
	Author = {Tajima, F.},
	Date-Modified = {2007-03-22 13:19:31 -0700},
	Journal = {Genetics},
	Pages = {437-460},
	Title = {Evolutionary relationship of DNA sequences in finite populations},
	Volume = {105},
	Year = {1983}}

@book{li97,
	Author = {W. H. Li},
	Date-Modified = {2007-03-22 13:19:31 -0700},
	Publisher = {Sinauer Associates},
	Title = {Molecular Evolution},
	Year = {1997}}

@article{watterson:number,
	Author = {Watterson, G. A.},
	Date-Modified = {2007-03-22 13:19:31 -0700},
	Journal = {Theor. Popul. Biol.},
	Pages = {256-276},
	Title = {On the number of segregating sites in genetic models without recombination},
	Volume = {7},
	Year = 1975}

@incollection{hudson:fixeds,
	Author = {Hudson, R. R.},
	Booktitle = {Mechnisms of Molecular Evolution},
	Date-Modified = {2007-03-22 13:19:31 -0700},
	Editor = {Clark, A.G. and N. Takahata},
	Pages = {23-36},
	Publisher = {Sinauer},
	Title = {The How and Why of Generating Gene Genealogies},
	Year = {1993}}

@article{beaumont02ABC,
	Author = {M. A. Beaumont and W. Zhang and D. J. Balding},
	Date-Modified = {2007-03-22 13:19:31 -0700},
	Journal = {Genetics},
	Pages = {2025--2035},
	Title = {Approximate Bayesian Computation in Population Genetics},
	Volume = {162},
	Year = {2002}}

@article{charlesworth:effect,
	Abstract = {Formulae for the effective population sizes of autosomal.
		  X- linked, Y-linked and maternally transmitted loci in age-
		  structured populations are developed. The approximations
		  used here predict both asymptotic rates of increase in
		  probabilities of identity, and equilibrium levels of
		  neutral nucleotide site diversity under the infinite-sites
		  model. The applications of the results to the
		  interpretation of data on DNA sequence variation in
		  Drosophila, plant, and human populations are discussed. It
		  is concluded that sex differences in demographic parameters
		  such as adult mortality rates generally have small effects
		  on the relative effective population sizes of loci with
		  different modes of inheritance, whereas differences between
		  the sexes in variance in reproductive success can have
		  major effects, either increasing or reducing the effective
		  population size for X-linked loci relative to autosomal or
		  Y-linked loci. These effects need to be accounted for when
		  trying to understand data on patterns of sequence variation
		  for genes with different transmission modes.},
	Author = {Charlesworth, B.},
	Date-Modified = {2007-03-22 13:19:31 -0700},
	Journal = {Genetical Research},
	Keywords = {effective population-size; strong-migration limit; geographically structured populations; drosophila-melanogaster; overlapping generations; subdivided population; molecular evolution; dna variation; mutation-rate; x-chromosome},
	Optnote = {429KJ GENET RES},
	Optnumber = {2},
	Pages = {153-166},
	Title = {The effect of life-history and mode of inheritance on neutral genetic variability},
	Volume = {77},
	Year = {2001}}

@article{lachaise:biogeo,
	Author = {Lachaise, D. and M.-L. Cairou and J. R. David and F. Lemeunier and L. Tsacas and M. Ashburner},
	Date-Modified = {2007-03-22 13:19:31 -0700},
	Journal = {Evol. Biol.},
	Pages = {159--226},
	Title = {Historical biogeography of the \textit{Drosophila melanogaster} species subgroup},
	Volume = {22},
	Year = {1988}}

@article{david88,
	Author = {J. R. David and P. Capy},
	Date-Modified = {2007-03-22 13:19:31 -0700},
	Journal = {Trends in Genetics},
	Pages = {106--111},
	Title = {Genetic variation of \textit{Drosophila melanogaster} natural populations.},
	Volume = {4},
	Year = {1988}}

@article{benassi95,
	Author = {V. Benassi and M. Veuille},
	Date-Modified = {2007-03-22 13:19:31 -0700},
	Journal = {Genetical Research},
	Pages = {95--103},
	Title = {Comparative population structuring of molecular and allozyme variation of \textit{Drosophila melanogaster} {Adh} between {Europe}, west {Africa} and east {Africa}},
	Volume = {65},
	Year = {1995}}

@article{begun93:african,
	Abstract = {UNDERSTANDING genetic evolution within species requires an
		  accurate description of variation within and between
		  populations and the ability to distinguish between the
		  potential causes of an observed distribution of variation.
		  In the cosmopolitan species Drosophila melanogaster,
		  previous studies suggested that gene flow within and
		  between continents is extensive1 and that most of the
		  nuclear gene variation is found within, rather than among,
		  populations2,3. Here we present evidence that a population
		  from Zimbabwe is more than twice as variable as those from
		  the United States of America at the DNA sequence level,
		  that most variants are not shared between the two
		  geographic regions, and that there are nearly fixed
		  differences between the Zimbabwe and USA samples in genomic
		  regions experiencing low recombination rates. It appears
		  that there is an unappreciated degree of population
		  structure in D. melanogaster and that equilibrium models of
		  molecular evolution are inappropriate for this species.},
	Author = {Begun, D. J. and Aquadro, C. F.},
	Date-Modified = {2007-03-22 13:19:31 -0700},
	Journal = {Nature},
	Keywords = {restriction-map variation; natural-populations; phenotypic variation; genetic-variation; genic variation; locus region; polymorphism; endonucleases; patterns; flow},
	Optnote = {MA661 NATURE},
	Optnumber = {6446},
	Pages = {548-550},
	Title = {African and {North-American} Populations of \textit{Drosophila melanogaster} Are Very Different at the {DNA} Level},
	Volume = {365},
	Year = {1993}}

@article{charlesworth96bsmel,
	Author = {B. Charlesworth},
	Date-Modified = {2007-03-22 13:19:31 -0700},
	Journal = {Genetical Research},
	Pages = {131--149},
	Title = {Background selection and patterns of genetic diversity in Drosophila melanogaster},
	Volume = {68},
	Year = {1996}}

@book{mass,
	Author = {W. N. Venables and B. D. Ripley},
	Date-Modified = {2007-03-22 13:19:31 -0700},
	Edition = {3},
	Publisher = {Springer-Verlag},
	Title = {Modern Applied Statistics with {S-Plus}},
	Year = {1999}}

@article{kreitman83,
	Author = {Kreitman, M.},
	Date-Modified = {2007-03-22 13:19:31 -0700},
	Journal = {Nature},
	Pages = {412-417},
	Title = {NUCLEOTIDE POLYMORPHISM AT THE ALCOHOL-DEHYDROGENASE LOCUS OF {Drosophila} melanogaster},
	Volume = {304},
	Year = {1983}}

@article{storey:qvalue,
	Author = {J. D. Storey},
	Date-Modified = {2007-03-22 13:19:31 -0700},
	Journal = {Journal of the Royal Statistical Society, Series B},
	Pages = {479--498},
	Title = {A direct approach to false discovery rates},
	Volume = {64},
	Year = {2002}}

@book{gelman,
	Author = {A. Gelman and J. B. Carlin andd H. S. Stern and D. B. Rubin},
	Date-Modified = {2007-03-22 13:19:31 -0700},
	Edition = {Second},
	Publisher = {Chapman \& Hall/CRC},
	Title = {Bayesian Data Analysis},
	Year = {2003}}

@book{ewens2nd,
	Author = {W.J. Ewens},
	Date-Modified = {2007-03-22 13:19:31 -0700},
	Edition = {2nd},
	Publisher = {Springer-Verlag},
	Title = {Mathematical Population Genetics {I.} Theoretical Introduction},
	Year = {2004}}

@article{nielsen01IM,
	Author = {R. Nielsen and J. Wakeley},
	Date-Modified = {2007-03-22 13:19:31 -0700},
	Journal = {Genetics},
	Pages = {885--896},
	Title = {Distinguising migration from isolation: a {Markov Chain Monte Carlo} approach},
	Volume = {158},
	Year = {2001}}

@article{tenaillon04,
	Author = {Tenaillon, M. I. and U'Ren, J. and Tenaillon, O. and Gaut, B. S.},
	Date-Modified = {2007-03-22 13:19:31 -0700},
	Journal = {Molecular Biology and Evolution},
	Number = {7},
	Pages = {1214-1225},
	Title = {Selection versus demography: A multilocus investigation of the domestication process in maize},
	Volume = {21},
	Year = {2004}}

@article{akey04plos,
	Author = {Akey, J. M. and Eberle, M. A. and Rieder, M. J. and Carlson, C. S. and Shriver, M. D. and Nickerson, D. A. and Kruglyak, L.},
	Date-Modified = {2007-03-22 13:19:31 -0700},
	Journal = {Plos Biology},
	Number = {10},
	Pages = {1591-1599},
	Title = {Population history and natural selection shape patterns of genetic variation in 132 genes},
	Volume = {2},
	Year = {2004}}

@article{baudry04,
	Author = {E. Baudry and B. Viginier and M. Veuille},
	Date-Modified = {2007-03-22 13:19:31 -0700},
	Journal = {Molecular Biology and Evolution},
	Pages = {1482-1491},
	Title = {Non-African Populations of {Drosophila} melanogaster Have a Unique Origin},
	Volume = {21},
	Year = {2004}}

@manual{locfit,
	Author = {Catherine Loader},
	Date-Modified = {2007-03-22 13:19:31 -0700},
	Note = {R package version 1.1-9},
	Title = {locfit: Local Regression, Likelihood and Density Estimation.},
	Url = {http://cm.bell-labs.com/stat/project/locfit/},
	Year = {2004},
	Bdsk-Url-1 = {http://cm.bell-labs.com/stat/project/locfit/}}

@manual{R,
	Address = {Vienna, Austria},
	Author = {{R Development Core Team}},
	Date-Modified = {2007-03-22 13:19:31 -0700},
	Note = {{ISBN} 3-900051-07-0},
	Organization = {R Foundation for Statistical Computing},
	Title = {R: A language and environment for statistical computing},
	Url = {http://www.R-project.org},
	Year = {2004},
	Bdsk-Url-1 = {http://www.R-project.org}}

@article{haddrill,
	Author = {P. Haddrill and K.R. Thornton and P. Andolfatto and B. Charlesworth},
	Date-Modified = {2007-03-22 13:19:31 -0700},
	Journal = {Genome Research},
	Optnote = {In press},
	Pages = {790-799},
	Title = {Multilocus patterns of nucleotide variability and the demographic and selection history of \textit{Drosophila melanogaster} populations},
	Volume = {15},
	Year = {2005}}

@article{glinka03,
	Author = {S. Glinka and L. Ometto and S. Mousset and W. Stephan and D. DeLorenzo},
	Date-Modified = {2007-03-22 13:19:31 -0700},
	Entrydate = {2004/12/16},
	Journal = {Genetics},
	Pages = {1269--1278},
	Title = {Demography and natural selection have shaped genetic variation in \textit{Drosophila melanogaster}: {A} multi-locus approach},
	Volume = {165},
	Year = {2003}}

@article{faywu00,
	Author = {J.C. Fay and C.-I. Wu},
	Date-Modified = {2007-03-22 13:19:31 -0700},
	Journal = {Genetics},
	Pages = {1405-1413},
	Title = {Hitchhiking under positive {Darwinian} selection},
	Volume = {155},
	Year = {2000}}

@article{przeworski02random,
	Author = {M. Przeworski},
	Date-Modified = {2007-03-22 13:19:31 -0700},
	Journal = {Genetics},
	Pages = {1179-1189},
	Title = {The signature of positive selection at randomly chosen loci},
	Volume = {160},
	Year = {2002}}

@article{przeworski03,
	Author = {M. Przeworski},
	Date-Modified = {2007-03-22 13:19:31 -0700},
	Entrydate = {2004/12/16},
	Journal = {Genetics},
	Pages = {1667--1676},
	Title = {Estimating the time since the fixation of a beneficial allele},
	Volume = {164},
	Year = {2003}}

@article{pritchard99,
	Author = {Pritchard, J. K. and M. T. Seielstad and A. Perez-Lezaun and M. W. Feldman},
	Date-Modified = {2007-03-22 13:19:31 -0700},
	Entrydate = {2004/12/16},
	Journal = {Mol. Biol. Evolution},
	Local-Url = {file://localhost/Users/kevin/Documents/Papers/Pritchard99MBE_ABC.pdf},
	Pages = {1791--1798},
	Title = {Population growth of human {Y} chromosomes: {A} study of {Y} chromosome microsatellites},
	Volume = {16},
	Year = {1999},
	Bdsk-File-1 = {YnBsaXN0MDDUAQIDBAUGCQpYJHZlcnNpb25UJHRvcFkkYXJjaGl2ZXJYJG9iamVjdHMSAAGGoNEHCFRyb290gAFfEA9OU0tleWVkQXJjaGl2ZXKoCwwXGBkdJCVVJG51bGzTDQ4PEBEUViRjbGFzc1dOUy5rZXlzWk5TLm9iamVjdHOAB6ISE4ACgAOiFRaABIAGWWFsaWFzRGF0YVxyZWxhdGl2ZVBhdGjSDRobHFdOUy5kYXRhgAVPEQGoAAAAAAGoAAIAAAxNYWNpbnRvc2ggSEQAAAAAAAAAAAAAAAAAAADBCw5oSCsAAAAd7fwWUHJpdGNoYXJkOTlNQkVfQUJDLnBkZgAAAAAAAAAAAAAAAAAAAAAAAAAAAAAAAAAAAAAAAAAAAAAAAAAAAAAAAB3uk74/z/xQREYgQ0FSTwABAAIAAAkgAAAAAAAAAAAAAAAAAAAABlBhcGVycwAQAAgAAMELcNgAAAARAAgAAL5AQHwAAAABABAAHe38ABcBYAAW5/IAAG7oAAIAQE1hY2ludG9zaCBIRDpVc2VyczprZXZpbjpEb2N1bWVudHM6UGFwZXJzOlByaXRjaGFyZDk5TUJFX0FCQy5wZGYADgAuABYAUAByAGkAdABjAGgAYQByAGQAOQA5AE0AQgBFAF8AQQBCAEMALgBwAGQAZgAPABoADABNAGEAYwBpAG4AdABvAHMAaAAgAEgARAASADNVc2Vycy9rZXZpbi9Eb2N1bWVudHMvUGFwZXJzL1ByaXRjaGFyZDk5TUJFX0FCQy5wZGYAABMAAS8AABUAAgAM//8AANIeHyAhWCRjbGFzc2VzWiRjbGFzc25hbWWjISIjXU5TTXV0YWJsZURhdGFWTlNEYXRhWE5TT2JqZWN0XxAgLi4vUGFwZXJzL1ByaXRjaGFyZDk5TUJFX0FCQy5wZGbSHh8mJ6InI1xOU0RpY3Rpb25hcnkACAARABoAHwApADIANwA6AD8AQQBTAFwAYgBpAHAAeACDAIUAiACKAIwAjwCRAJMAnQCqAK8AtwC5AmUCagJzAn4CggKQApcCoALDAsgCywAAAAAAAAIBAAAAAAAAACgAAAAAAAAAAAAAAAAAAALY}}

@article{fu93,
	Author = {Y. X. Fu and W. H. Li},
	Date-Modified = {2007-03-22 13:19:31 -0700},
	Entrydate = {2004/12/16},
	Journal = {Genetics},
	Pages = {693--709},
	Title = {Statistical tests of neutrality of mutations},
	Volume = {133},
	Year = {1993}}

@article{tajima89,
	Author = {F. Tajima},
	Date-Modified = {2007-03-22 13:19:31 -0700},
	Entrydate = {2004/12/16},
	Journal = {Genetics},
	Pages = {585--595},
	Title = {Statistical-method for testing the neutral mutation hypothesis by dna polymorphism},
	Volume = {123},
	Year = {1989}}

@article{fay02nature,
	Author = {J. C. Fay and G. J. Wyckoff and C.-I. Wu},
	Journal = {Nature},
	Pages = {1024-1026},
	Title = {Testing the neutral theory of molecular evolution with genomic data from Drosophila},
	Volume = {415},
	Year = {2002}}

@article{smith02:adaptive,
	Author = {N. G. C. Smith and A. Eyre-Walker},
	Date-Modified = {2007-08-03 14:32:23 -0700},
	Journal = {Nature},
	Pages = {1022-1024},
	Title = {Adaptive protein evolution in Drosophila. Nature},
	Volume = {415},
	Year = {2002}}

@article{halligan04,
	Author = {D. L. Halligan and A. Eyre-Walker and P. Andolfatto and P. D. Keightley},
	Date-Modified = {2007-03-22 13:19:31 -0700},
	Entrydate = {2004/12/16},
	Journal = {Genome Research},
	Pages = {273--279},
	Title = {Patterns of evolutionary constraints in intronic and intergenic {DNA} of \textit{Drosophila}},
	Volume = {14},
	Year = {2004}}

@article{andolfatto03gradient,
	Author = {P. Andolfatto and J. D. Wall},
	Date-Modified = {2007-03-22 13:19:31 -0700},
	Entrydate = {2004/12/16},
	Journal = {Genetics},
	Pages = {1289--1305},
	Title = {Linkage disequilibrium patterns across a recombination gradient in {African} \textit{Drosophila} \textit{melanogaster}},
	Volume = {165},
	Year = {2003}}

@article{andolfatto03,
	Author = {P. Andolfatto and J. M. Scriber and B. Charlesworth},
	Date-Modified = {2007-03-22 13:19:31 -0700},
	Entrydate = {2004/12/16},
	Journal = {Evolution},
	Pages = {305--316},
	Title = {No association between mitochondrial {DNA} haplotypes and a female-limited mimicry phenotype in {Papilio} glaucus},
	Volume = {57},
	Year = {2003}}

@article{wall02sim,
	Author = {J. D. Wall and P. Andolfatto and M. Przeworski},
	Date-Modified = {2007-03-22 13:19:31 -0700},
	Entrydate = {2004/12/16},
	Journal = {Genetics},
	Pages = {203--216},
	Title = {Testing models of selection and demography in \textit{Drosophila} \textit{simulans}},
	Volume = {162},
	Year = {2002}}

@article{andolfatto01cogd,
	Author = {P. Andolfatto},
	Date-Modified = {2007-03-22 13:19:31 -0700},
	Entrydate = {2004/12/16},
	Journal = {Current Opinion In Genetics \& Development},
	Pages = {635--641},
	Title = {Adaptive hitchhiking effects on genome variability},
	Volume = {11},
	Year = {2001}}

@article{wu01,
	Author = {Q. W. Wu and P. Andolfatto and N. H. Haunerland},
	Date-Modified = {2007-03-22 13:19:31 -0700},
	Entrydate = {2004/12/16},
	Journal = {Insect Biochem. Mol. Biol.},
	Pages = {553--562},
	Title = {Cloning and sequence of the gene encoding the muscle fatty acid binding protein from the desert locust, {Schistocerca} gregaria},
	Volume = {31},
	Year = {2001}}

@article{andolfatto01b,
	Author = {P. Andolfatto and F. Depaulis and A. Navarro},
	Date-Modified = {2007-03-22 13:19:31 -0700},
	Entrydate = {2004/12/16},
	Journal = {Genetical Research},
	Pages = {1--8},
	Title = {Inversion polymorphisms and nucleotide variability in \textit{Drosophila}},
	Volume = {77},
	Year = {2001}}

@article{andolfatto01contrast,
	Author = {P. Andolfatto},
	Date-Modified = {2007-03-22 13:19:31 -0700},
	Entrydate = {2004/12/16},
	Journal = {Mol. Biol. Evolution},
	Pages = {279--290},
	Title = {Contrasting patterns of {X-linked} and autosomal nucleotide variation in \textit{Drosophila} \textit{melanogaster} and \textit{Drosophila} \textit{simulans}},
	Volume = {18},
	Year = {2001}}

@article{kliman00,
	Author = {R. M. Kliman and P. Andolfatto and J. A. Coyne and F. Depaulis and M. Kreitman and A. J. Berry and J. McCarter and J. Wakeley and J. Hey},
	Date-Modified = {2007-03-22 13:19:31 -0700},
	Entrydate = {2004/12/16},
	Journal = {Genetics},
	Pages = {1913--1931},
	Title = {The population genetics of the origin and divergence of the \textit{Drosophila} \textit{simulans} complex species},
	Volume = {156},
	Year = {2000}}

@article{andolfatto00rt,
	Author = {P. Andolfatto and M. Przeworski},
	Date-Modified = {2007-03-22 13:19:31 -0700},
	Entrydate = {2004/12/16},
	Journal = {Genetics},
	Pages = {257--268},
	Title = {A genome-wide departure from the standard neutral model in natural populations of \textit{Drosophila}},
	Volume = {156},
	Year = {2000}}

@article{andolfatto00inversion,
	Author = {P. Andolfatto and M. Kreitman},
	Date-Modified = {2007-03-22 13:19:31 -0700},
	Entrydate = {2004/12/16},
	Journal = {Genetics},
	Pages = {1681--1691},
	Title = {Molecular variation at the {In(2L)t} proximal breakpoint site in natural populations of \textit{Drosophila} \textit{melanogaster} and D-simulans},
	Volume = {154},
	Year = {2000}}

@article{andolfatto99,
	Author = {P. Andolfatto and J. D. Wall and M. Kreitman},
	Date-Modified = {2007-03-22 13:19:31 -0700},
	Entrydate = {2004/12/16},
	Journal = {Genetics},
	Pages = {1297--1311},
	Title = {Unusual haplotype structure at the proximal breakpoint of {In(2L)t} in a natural population of \textit{Drosophila} \textit{melanogaster}},
	Volume = {153},
	Year = {1999}}

@article{andolfatto98,
	Author = {P. Andolfatto and M. Nordborg},
	Date-Modified = {2007-03-22 13:19:31 -0700},
	Entrydate = {2004/12/16},
	Journal = {Genetics},
	Pages = {1397--1399},
	Title = {The effect of gene conversion on intralocus associations},
	Volume = {148},
	Year = {1998}}

@article{andolfatto94,
	Author = {P. Andolfatto and A. Bornhouser and H. J. Bohnert and J. C. Thomas},
	Date-Modified = {2007-03-22 13:19:31 -0700},
	Entrydate = {2004/12/16},
	Journal = {Physiologia Plantarum},
	Pages = {708--714},
	Title = {Transformed hairy roots of mesembryanthemum-crystallinum - gene-expression patterns upon salt stress},
	Volume = {90},
	Year = {1994}}

@article{haunerland93,
	Author = {N. H. Haunerland and X. M. Chen and P. Andolfatto and J. M. Chisholm and Z. X. Wang},
	Date-Modified = {2007-03-22 13:19:31 -0700},
	Entrydate = {2004/12/16},
	Journal = {Mol. Cellular Biochem.},
	Pages = {153--158},
	Title = {Developmental-changes of fabp concentration, expression, and intracellular-distribution in locust flight-muscle},
	Volume = {123},
	Year = {1993}}

@article{haunerland92,
	Author = {N. H. Haunerland and P. Andolfatto and J. M. Chisholm and Z. X. Wang and X. M. Chen},
	Date-Modified = {2007-03-22 13:19:31 -0700},
	Entrydate = {2004/12/16},
	Journal = {European J. Biochem.},
	Pages = {1045--1051},
	Title = {Fatty-acid-binding protein in locust flight-muscle - developmental-changes of expression, concentration and intracellular-distribution},
	Volume = {210},
	Year = {1992}}

@article{marjoram03,
	Author = {P. Marjoram and J. Molitor and V. Plagnol and S. Tavare},
	Date-Modified = {2007-03-22 13:19:31 -0700},
	Entrydate = {2004/12/16},
	Journal = {Proc. National Acad. Sciences United States Am.},
	Pages = {15324--15328},
	Title = {Markov chain {Monte} {Carlo} without likelihoods},
	Volume = {100},
	Year = {2003}}

@article{myers03,
	Author = {S. R. Myers and R. C. Griffiths},
	Date-Modified = {2007-03-22 13:19:31 -0700},
	Entrydate = {2004/12/16},
	Journal = {Genetics},
	Pages = {375--394},
	Title = {Bounds on the minimum number of recombination events in a sample history},
	Volume = {163},
	Year = {2003}}

@article{przeworski00,
	Author = {M. F. Przeworski and J. D. Wall},
	Date-Modified = {2007-03-22 13:19:31 -0700},
	Entrydate = {2004/12/16},
	Journal = {Am. J. Human Genetics},
	Pages = {225--225},
	Title = {Conflicting estimates of the population recombination rate.},
	Volume = {67},
	Year = {2000}}

@article{wall00,
	Author = {J. D. Wall},
	Date-Modified = {2007-03-22 13:19:31 -0700},
	Entrydate = {2004/12/16},
	Journal = {Mol. Biol. Evolution},
	Pages = {156--163},
	Title = {A comparison of estimators of the population recombination rate},
	Volume = {17},
	Year = {2000}}

@article{wall99,
	Author = {J. D. Wall},
	Date-Modified = {2007-03-22 13:19:31 -0700},
	Entrydate = {2004/12/16},
	Journal = {Genetical Research},
	Pages = {65--79},
	Title = {Recombination and the power of statistical tests of neutrality},
	Volume = {74},
	Year = {1999}}

@article{hudson95bs1,
	Author = {R. R. Hudson and N. L. Kaplan},
	Date-Modified = {2007-03-22 13:19:31 -0700},
	Entrydate = {2004/12/16},
	Journal = {Genetics},
	Pages = {1605--1617},
	Title = {Deleterious background selection with recombination},
	Volume = {141},
	Year = {1995}}

@article{hudson95bs2,
	Author = {R. R. Hudson and N. L. Kaplan},
	Date-Modified = {2007-03-22 13:19:31 -0700},
	Entrydate = {2004/12/16},
	Journal = {Philosophical Transactions Royal Soc. London Series B-biological Sciences},
	Pages = {19--23},
	Title = {The coalescent process and background selection},
	Volume = {349},
	Year = {1995}}

@article{braverman95,
	Author = {J. M. Braverman and R. R. Hudson and N. L. Kaplan and C. H. Langley and W. Stephan},
	Date-Modified = {2007-03-22 13:19:31 -0700},
	Entrydate = {2004/12/16},
	Journal = {Genetics},
	Pages = {783--796},
	Title = {The hitchhiking effect on the site frequency-spectrum of {DNA} polymorphisms},
	Volume = {140},
	Year = {1995}}

@article{hbk92,
	Author = {R. R. Hudson and D. D. Boos and N. L. Kaplan},
	Date-Modified = {2007-03-22 13:19:31 -0700},
	Entrydate = {2004/12/16},
	Journal = {Mol. Biol. Evolution},
	Pages = {138--151},
	Title = {A statistical test for detecting geographic subdivision},
	Volume = {9},
	Year = {1992}}

@article{kaplan91,
	Author = {N. Kaplan and R. R. Hudson and M. Iizuka},
	Date-Modified = {2007-03-22 13:19:31 -0700},
	Entrydate = {2004/12/16},
	Journal = {Genetical Research},
	Pages = {83--91},
	Title = {The coalescent process in models with selection, recombination and geographic subdivision},
	Volume = {57},
	Year = {1991}}

@article{kaplan89,
	Author = {N. L. Kaplan and R. R. Hudson and C. H. Langley},
	Date-Modified = {2007-03-22 13:19:31 -0700},
	Entrydate = {2004/12/16},
	Journal = {Genetics},
	Pages = {887--899},
	Title = {The hitchhiking effect revisited},
	Volume = {123},
	Year = {1989}}

@article{darden89,
	Author = {T. Darden and N. L. Kaplan and R. R. Hudson},
	Date-Modified = {2007-03-22 13:19:31 -0700},
	Entrydate = {2004/12/16},
	Journal = {J. Math. Biol.},
	Pages = {355--368},
	Title = {A numerical-method for calculating moments of coalescent times in finite populations with selection},
	Volume = {27},
	Year = {1989}}

@article{langley88,
	Author = {C. H. Langley and E. Montgomery and R. Hudson and N. Kaplan and B. Charlesworth},
	Date-Modified = {2007-03-22 13:19:31 -0700},
	Entrydate = {2004/12/16},
	Journal = {Genetical Research},
	Pages = {223--235},
	Title = {On the role of unequal exchange in the containment of transposable element copy number},
	Volume = {52},
	Year = {1988}}

@article{kaplan88,
	Author = {N. L. Kaplan and T. Darden and R. R. Hudson},
	Date-Modified = {2007-03-22 13:19:31 -0700},
	Entrydate = {2004/12/16},
	Journal = {Genetics},
	Pages = {819--829},
	Title = {The coalescent process in models with selection},
	Volume = {120},
	Year = {1988}}

@article{hudson88,
	Author = {R. R. Hudson and N. L. Kaplan},
	Date-Modified = {2007-03-22 13:19:31 -0700},
	Entrydate = {2004/12/16},
	Journal = {Genetics},
	Pages = {831--840},
	Title = {The coalescent process in models with selection and recombination},
	Volume = {120},
	Year = {1988}}

@article{hudson87ehs,
	Author = {R. R. Hudson and N. L. Kaplan},
	Date-Modified = {2007-03-22 13:19:31 -0700},
	Entrydate = {2004/12/16},
	Journal = {Environmental Health Perspectives},
	Pages = {126--127},
	Title = {Applications of the coalescent process to problems in population-genetics},
	Volume = {75},
	Year = {1987}}

@article{kaplan87,
	Author = {N. L. Kaplan and R. R. Hudson},
	Date-Modified = {2007-03-22 13:19:31 -0700},
	Entrydate = {2004/12/16},
	Journal = {Theoretical Population Biol.},
	Pages = {178--194},
	Title = {On the divergence of genes in multigene families},
	Volume = {31},
	Year = {1987}}

@article{hudson86subsamples,
	Author = {R. R. Hudson and N. L. Kaplan},
	Date-Modified = {2007-03-22 13:19:31 -0700},
	Entrydate = {2004/12/16},
	Journal = {Genetics},
	Pages = {1057--1076},
	Title = {On the divergence of alleles in nested subsamples from finite populations},
	Volume = {113},
	Year = {1986}}

@article{hudson86,
	Author = {R. R. Hudson and N. L. Kaplan},
	Date-Modified = {2007-03-22 13:19:31 -0700},
	Entrydate = {2004/12/16},
	Journal = {J. Math. Biol.},
	Pages = {207--215},
	Title = {On the divergence of members of a transposable element family},
	Volume = {24},
	Year = {1986}}

@article{kaplan85,
	Author = {N. Kaplan and R. R. Hudson},
	Date-Modified = {2007-03-22 13:19:31 -0700},
	Entrydate = {2004/12/16},
	Journal = {Theoretical Population Biol.},
	Pages = {382--396},
	Title = {The use of sample genealogies for studying a selectively neutral m-loci model with recombination},
	Volume = {28},
	Year = {1985}}

@article{hudson85rm,
	Author = {R. R. Hudson and N. L. Kaplan},
	Date-Modified = {2007-03-22 13:19:31 -0700},
	Entrydate = {2004/12/16},
	Journal = {Genetics},
	Pages = {147--164},
	Title = {Statistical properties of the number of recombination events in the history of a sample of {DNA}-sequences},
	Volume = {111},
	Year = {1985}}

@article{hudson85inferring,
	Author = {R. R. Hudson and N. Kaplan},
	Date-Modified = {2007-03-22 13:19:31 -0700},
	Entrydate = {2004/12/16},
	Journal = {Biometrics},
	Pages = {572--572},
	Title = {Inferring the number of recombination events in the history of a sample},
	Volume = {41},
	Year = {1985}}

@article{presgraves03nature,
	Author = {D. C. Presgraves and L. Balagopalan and S. M. Abmayr and H. A. Orr},
	Date-Modified = {2007-03-22 13:19:31 -0700},
	Entrydate = {2004/12/16},
	Journal = {Nature},
	Pages = {715--719},
	Title = {Adaptive evolution drives divergence of a hybrid inviability gene between two species of \textit{Drosophila}},
	Volume = {423},
	Year = {2003}}

@article{presgraves03,
	Author = {D. C. Presgraves},
	Date-Modified = {2007-03-22 13:19:31 -0700},
	Entrydate = {2004/12/16},
	Journal = {Genetics},
	Pages = {955--972},
	Title = {A fine-scale genetic analysis of hybrid {Incompatibilities} in drosophila},
	Volume = {163},
	Year = {2003}}

@article{betancourt02,
	Author = {A. J. Betancourt and D. C. Presgraves},
	Date-Modified = {2007-03-22 13:19:31 -0700},
	Entrydate = {2004/12/16},
	Journal = {Proc. National Acad. Sciences United States Am.},
	Pages = {13616--13620},
	Title = {Linkage limits the power of natural selection in \textit{Drosophila}},
	Volume = {99},
	Year = {2002}}

@article{wang04,
	Author = {W. Wang and K. Thornton and J. J. Emerson and M. Long},
	Date-Modified = {2007-03-22 13:19:31 -0700},
	Entrydate = {2004/12/17},
	Journal = {Genetics},
	Pages = {1783--1794},
	Title = {Nucleotide variation and recombination along the fourth chromosome in \textit{Drosophila} \textit{simulans}},
	Volume = {166},
	Year = {2004}}

@article{wall03,
	Author = {J. D. Wall and L. A. Frisse and R. R. Hudson and A. Di Rienzo},
	Date-Modified = {2007-03-22 13:19:31 -0700},
	Entrydate = {2004/12/17},
	Journal = {Am. J. Human Genetics},
	Pages = {1330--1340},
	Title = {Comparative linkage-disequilibrium analysis of the beta-globin hotspot in primates},
	Volume = {73},
	Year = {2003}}

@article{gibbs03,
	Author = {R. A. Gibbs and J. W. Belmont and P. Hardenbol and T. D. Willis and F. L. Yu and H. M. Yang and L. Y. Ch'ang and W. Huang and B. Liu and Y. Shen and P. K. H. Tam and L. C. Tsui and M. M. Y. Waye and J. T. F. Wong and C. Q. Zeng and Q. R. Zhang and M. S. Chee and L. M. Galver and S. Kruglyak and S. S. Murray and A. R. Oliphant and A. Montpetit and T. J. Hudson and F. Chagnon and V. Ferretti and M. Leboeuf and M. S. Phillips and A. Verner and P. Y. Kwok and S. H. Duan and D. L. Lind and R. D. Miller and J. P. Rice and N. L. Saccone and P. Taillon-Miller and M. Xiao and Y. Nakamura and A. Sekine and K. Sorimachi and T. Tanaka and Y. Tanaka and T. Tsunoda and E. Yoshino and D. R. Bentley and P. Deloukas and S. Hunt and D. Powell and D. Altshuler and S. B. Gabriel and R. Z. Qiu and A. Ken and G. M. Dunston and K. Kato and N. Niikawa and B. M. Knoppers and M. W. Foster and E. W. Clayton and V. O. Wang and J. Watkin and R. A. Gibbs and J. W. Belmont and E. Sodergren and G. M. Weinstock and R. K. Wilson and L. L. Fulton and J. Rogers and B. W. Birren and H. Han and H. G. Wang and M. Godbout and J. C. Wallenburg and P. L'Archeveque and G. Bellemare and K. Todani and T. Fujita and S. Tanaka and A. L. Holden and E. H. Lai and F. S. Collins and L. D. Brooks and J. E. McEwen and M. S. Guyer and E. Jordan and J. L. Peterson and J. Spiegel and L. M. Sung and L. F. Zacharia and K. Kennedy and M. G. Dunn and R. Seabrook and M. Shillito and B. Skene and J. G. Stewart and D. L. Valle and E. W. Clayton and L. B. Jorde and J. W. Belmont and A. Chakravarti and M. K. Cho and T. Duster and M. W. Foster and M. Jasperse and B. M. Knoppers and P. Y. Kwok and J. Licinio and J. C. Long and P. A. Marshall and P. N. Ossorio and V. O. Wang and C. N. Rotimi and C. D. M. Royal and P. Spallone and S. F. Terry and E. S. Lander and E. H. Lai and D. A. Nickerson and G. R. Abecasis and D. Altshuler and D. R. Bentley and M. Boehnke and L. R. Cardon and M. J. Daly and P. Deloukas and J. A. Douglas and S. B. Gabriel and R. R. Hudson and T. J. Hudson and L. Kruglyak and P. Y. Kwok and Y. Nakamura and R. L. Nussbaum and C. D. M. Royal and S. F. Schaffner and S. T. Sherry and L. D. Stein and T. Tanaka},
	Date-Modified = {2007-03-22 13:19:31 -0700},
	Entrydate = {2004/12/17},
	Journal = {Nature},
	Pages = {789--796},
	Title = {The {International} {HapMap} Project},
	Volume = {426},
	Year = {2003}}

@article{thornton03,
	Author = {K. Thornton},
	Date-Modified = {2007-03-22 13:19:31 -0700},
	Entrydate = {2004/12/17},
	Journal = {Bioinformatics},
	Pages = {2325--2327},
	Title = {libsequence: a {C++} class library for evolutionary genetic analysis},
	Volume = {19},
	Year = {2003}}

@article{long03,
	Author = {M. Long and E. Betran and K. Thornton and W. Wang},
	Date-Modified = {2007-03-22 13:19:31 -0700},
	Entrydate = {2004/12/17},
	Journal = {Nature Rev. Genetics},
	Pages = {865--875},
	Title = {The origin of new genes: {Glimpses} from the young and old},
	Volume = {4},
	Year = {2003}}

@article{hudson03,
	Author = {R. R. Hudson and M. Turelli},
	Date-Modified = {2007-03-22 13:19:31 -0700},
	Entrydate = {2004/12/17},
	Journal = {Evolution},
	Pages = {182--190},
	Title = {Stochasticity overrules the "three-times rule": {Genetic} drift, genetic draft, and coalescence times for nuclear loci versus mitochondrial DNA},
	Volume = {57},
	Year = {2003}}

@article{betran02,
	Author = {E. Betran and K. Thornton and M. Long},
	Date-Modified = {2007-03-22 13:19:31 -0700},
	Entrydate = {2004/12/17},
	Journal = {Genome Research},
	Pages = {1854--1859},
	Title = {Retroposed new genes out of the {X} in \textit{Drosophila}},
	Volume = {12},
	Year = {2002}}

@article{hudson02,
	Author = {R. R. Hudson and J. A. Coyne},
	Date-Modified = {2007-03-22 13:19:31 -0700},
	Entrydate = {2004/12/17},
	Journal = {Evolution},
	Pages = {1557--1565},
	Title = {Mathematical consequences of the genealogical species concept},
	Volume = {56},
	Year = {2002}}

@article{pluzhnikov02,
	Author = {A. Pluzhnikov and A. Di Rienzo and R. R. Hudson},
	Date-Modified = {2007-03-22 13:19:31 -0700},
	Entrydate = {2004/12/17},
	Journal = {Genetics},
	Pages = {1209--1218},
	Title = {Inferences about human demography based on multilocus analyses of {Noncoding} sequences},
	Volume = {161},
	Year = {2002}}

@article{thornton02,
	Author = {K. Thornton and M. Long},
	Date-Modified = {2007-03-22 13:19:31 -0700},
	Entrydate = {2004/12/17},
	Journal = {Mol. Biol. Evolution},
	Pages = {918--925},
	Title = {Rapid divergence of gene duplicates on the \textit{Drosophila} melanogaster {X} chromosome},
	Volume = {19},
	Year = {2002}}

@article{fullerton02,
	Author = {S. M. Fullerton and A. Bartoszewicz and G. Ybazeta and Y. Horikawa and G. I. Bell and K. K. Kidd and N. J. Cox and R. R. Hudson and A. Di Rienzo},
	Date-Modified = {2007-03-22 13:19:31 -0700},
	Entrydate = {2004/12/17},
	Journal = {Am. J. Human Genetics},
	Pages = {1096--1106},
	Title = {Geographic and haplotype structure of candidate type 2 diabetes-susceptibility variants at the calpain-10 locus},
	Volume = {70},
	Year = {2002}}

@article{hudson02ms,
	Author = {R. R. Hudson},
	Date-Modified = {2007-03-22 13:19:31 -0700},
	Entrydate = {2004/12/17},
	Journal = {Bioinformatics},
	Pages = {337--338},
	Title = {Generating samples under a {Wright-Fisher} neutral model of genetic variation},
	Volume = {18},
	Year = {2002}}

@article{hudson01,
	Author = {R. R. Hudson},
	Date-Modified = {2007-03-22 13:19:31 -0700},
	Entrydate = {2004/12/17},
	Journal = {Genetics},
	Pages = {1805--1817},
	Title = {Two-locus sampling distributions and their application},
	Volume = {159},
	Year = {2001}}

@article{wang02,
	Author = {W. Wang and K. Thornton and A. Berry and M. Y. Long},
	Date-Modified = {2007-03-22 13:19:31 -0700},
	Entrydate = {2004/12/17},
	Journal = {Science},
	Pages = {134--137},
	Title = {Nucleotide variation along the \textot{Drosophila} \textit{melanogaster} fourth chromosome},
	Volume = {295},
	Year = {2002}}

@article{frisse01,
	Author = {L. M. Frisse and A. Bartoszewicz and J. D. Wall and R. R. Hudson and A. Di Rienzo},
	Date-Modified = {2007-03-22 13:19:31 -0700},
	Entrydate = {2004/12/17},
	Journal = {Am. J. Human Genetics},
	Pages = {418--418},
	Title = {Sequence variation and linkage disequilibrium in the human genome.},
	Volume = {69},
	Year = {2001}}

@article{frisse01conversion,
	Author = {L. Frisse and R. R. Hudson and A. Bartoszewicz and J. D. Wall and J. Donfack and A. Di Rienzo},
	Date-Modified = {2007-03-22 13:19:31 -0700},
	Entrydate = {2004/12/17},
	Journal = {Am. J. Human Genetics},
	Pages = {831--843},
	Title = {Gene conversion and different population histories may explain the contrast between polymorphism and linkage disequilibrium levels},
	Volume = {69},
	Year = {2001}}

@article{long01,
	Author = {M. Y. Long and K. Thornton},
	Date-Modified = {2007-03-22 13:19:31 -0700},
	Entrydate = {2004/12/17},
	Journal = {Science},
	Pages = {1551--1551},
	Title = {Gene duplication and evolution},
	Volume = {293},
	Year = {2001}}

@article{wall01,
	Author = {J. D. Wall and R. R. Hudson},
	Date-Modified = {2007-03-22 13:19:31 -0700},
	Entrydate = {2004/12/17},
	Journal = {Mol. Biol. Evolution},
	Pages = {1134--1135},
	Title = {Coalescent simulations and statistical tests of neutrality},
	Volume = {18},
	Year = {2001}}

@article{andolfatto01,
	Author = {P. Andolfatto and M. Przeworski},
	Date-Modified = {2007-03-22 13:19:31 -0700},
	Entrydate = {2004/12/17},
	Journal = {Genetics},
	Pages = {657--665},
	Title = {Regions of lower crossing over harbor more rare variants in {African} populations of \textit{Drosophila} \textit{melanogaster}},
	Volume = {158},
	Year = {2001}}

@article{przeworski01,
	Author = {M. Przeworski and J. D. Wall and P. Andolfatto},
	Date-Modified = {2007-03-22 13:19:31 -0700},
	Entrydate = {2004/12/17},
	Journal = {Mol. Biol. Evolution},
	Pages = {291--298},
	Title = {Recombination and the frequency spectrum in \textit{Drosophila} \textit{melanogaster} and \textit{Drosophila} \textit{simulans}},
	Volume = {18},
	Year = {2001}}

@article{andolfatto00,
	Author = {P. Andolfatto and M. Przeworski},
	Date-Modified = {2007-03-22 13:19:31 -0700},
	Entrydate = {2004/12/17},
	Journal = {Genetics},
	Pages = {257--268},
	Title = {A genome-wide departure from the standard neutral model in natural populations of \textit{Drosophila}},
	Volume = {156},
	Year = {2000}}

@article{hudson00,
	Author = {R. R. Hudson},
	Date-Modified = {2007-03-22 13:19:31 -0700},
	Entrydate = {2004/12/17},
	Journal = {Genetics},
	Pages = {2011--2014},
	Title = {A new statistic for detecting genetic differentiation},
	Volume = {155},
	Year = {2000}}

@article{przeworski00TIG,
	Author = {M. Przeworski and R. R. Hudson and A. Di rienzo},
	Date-Modified = {2007-03-22 13:19:31 -0700},
	Entrydate = {2004/12/17},
	Journal = {Trends In Genetics},
	Pages = {296--302},
	Title = {Adjusting the focus on human variation},
	Volume = {16},
	Year = {2000}}

@article{watson98,
	Author = {G. M. Watson and S. Venable and R. R. Hudson},
	Date-Modified = {2007-03-22 13:19:31 -0700},
	Entrydate = {2004/12/17},
	Journal = {Mol. Biol. Cell},
	Pages = {353A--353A},
	Title = {ATP enhancement of protein-mediated repair of hair bundles in sea anemones},
	Volume = {9},
	Year = {1998}}

@article{hudson97,
	Author = {R. R. Hudson and A. G. Saez and F. J. Ayala},
	Date-Modified = {2007-03-22 13:19:31 -0700},
	Entrydate = {2004/12/17},
	Journal = {Proc. National Acad. Sciences United States Am.},
	Pages = {7725--7729},
	Title = {DNA variation at the {Sod} locus of \textit{Drosophila} \textit{melanogaster}: {An} unfolding story of natural selection},
	Volume = {94},
	Year = {1997}}

@article{hudson94analytical,
	Author = {R. R. Hudson},
	Date-Modified = {2007-03-22 13:19:31 -0700},
	Entrydate = {2004/12/17},
	Journal = {J. Evolutionary Biol.},
	Pages = {535--548},
	Title = {Analytical results concerning linkage disequilibrium in models with genetic-transformation and conjugation},
	Volume = {7},
	Year = {1994}}

@article{hudson94,
	Author = {R. R. Hudson},
	Date-Modified = {2007-03-22 13:19:31 -0700},
	Entrydate = {2004/12/17},
	Journal = {Proc. National Acad. Sciences United States Am.},
	Pages = {6815--6818},
	Title = {How can the low-levels of {DNA}-sequence variation in regions of the drosophila genome with low recombination rates be explained},
	Volume = {91},
	Year = {1994}}

@article{hudson94sod,
	Author = {R. R. Hudson and K. Bailey and D. Skarecky and J. Kwiatowski and F. J. Ayala},
	Date-Modified = {2007-03-22 13:19:31 -0700},
	Entrydate = {2004/12/17},
	Journal = {Genetics},
	Pages = {1329--1340},
	Title = {Evidence for positive selection in the superoxide-dismutase (sod) region of drosophila-melanogaster},
	Volume = {136},
	Year = {1994}}

@article{hudson93,
	Author = {R. R. Hudson},
	Date-Modified = {2007-03-22 13:19:31 -0700},
	Entrydate = {2004/12/17},
	Journal = {Proc. National Acad. Sciences United States Am.},
	Pages = {7425--7426},
	Title = {Levels of {DNA} polymorphism and divergence yield important insights into evolutionary processes},
	Volume = {90},
	Year = {1993}}

@article{hsm92,
	Author = {R. R. Hudson and M. Slatkin and W. P. Maddison},
	Date-Modified = {2007-03-22 13:19:31 -0700},
	Entrydate = {2004/12/17},
	Journal = {Genetics},
	Pages = {583--589},
	Title = {Estimation of levels of gene flow from {DNA}-sequence data},
	Volume = {132},
	Year = {1992}}

@article{hudson92,
	Author = {R. R. Hudson},
	Date-Modified = {2007-03-22 13:19:31 -0700},
	Entrydate = {2004/12/17},
	Journal = {Genetics},
	Pages = {509--512},
	Title = {Gene trees, species trees and the segregation of ancestral alleles},
	Volume = {131},
	Year = {1992}}

@article{slatkin91,
	Author = {M. Slatkin and R. R. Hudson},
	Date-Modified = {2007-03-22 13:19:31 -0700},
	Entrydate = {2004/12/17},
	Journal = {Genetics},
	Pages = {555--562},
	Title = {Pairwise comparisons of mitochondrial-{DNA} sequences in stable and exponentially growing populations},
	Volume = {129},
	Year = {1991}}

@article{kreitman91,
	Author = {M. Kreitman and R. R. Hudson},
	Date-Modified = {2007-03-22 13:19:31 -0700},
	Entrydate = {2004/12/17},
	Journal = {Genetics},
	Pages = {565--582},
	Title = {Inferring the evolutionary histories of the \textit{Adh} and \textit{Adh}-dup loci in drosophila-melanogaster from patterns of polymorphism and divergence},
	Volume = {127},
	Year = {1991}}

@article{hudson89,
	Author = {R. R. Hudson},
	Date-Modified = {2007-03-22 13:19:31 -0700},
	Entrydate = {2004/12/17},
	Journal = {Theoretical Population Biol.},
	Pages = {23--33},
	Title = {How often are polymorphic restriction sites due to a single mutation},
	Volume = {36},
	Year = {1989}}

@article{antonarakis88,
	Author = {S. E. Antonarakis and P. Oettgen and A. Chakravarti and S. L. Halloran and R. R. Hudson and L. Feisee and S. K. Karathanasis},
	Date-Modified = {2007-03-22 13:19:31 -0700},
	Entrydate = {2004/12/17},
	Journal = {Human Genetics},
	Pages = {265--273},
	Title = {Dna polymorphism haplotypes of the human apolipoprotein apoa1-apoc3-apoa4 gene-cluster},
	Volume = {80},
	Year = {1988}}

@article{hudson87,
	Author = {R. R. Hudson},
	Date-Modified = {2007-03-22 13:19:31 -0700},
	Entrydate = {2004/12/17},
	Journal = {Genetical Research},
	Pages = {245--250},
	Title = {Estimating the recombination parameter of a finite population-model without selection},
	Volume = {50},
	Year = {1987}}

@article{hudson87hka,
	Author = {R. R. Hudson and M. Kreitman and M. Aguade},
	Date-Modified = {2007-03-22 13:19:31 -0700},
	Entrydate = {2004/12/17},
	Journal = {Genetics},
	Pages = {153--159},
	Title = {A test of neutral molecular evolution based on nucleotide data},
	Volume = {116},
	Year = {1987}}

@article{hudson85,
	Author = {R. R. Hudson},
	Date-Modified = {2007-03-22 13:19:31 -0700},
	Entrydate = {2004/12/17},
	Journal = {Genetics},
	Pages = {611--631},
	Title = {The sampling distribution of linkage disequilibrium under an infinite allele model without selection},
	Volume = {109},
	Year = {1985}}

@article{hudson84,
	Author = {R. R. Hudson and G. B. Golding},
	Date-Modified = {2007-03-22 13:19:31 -0700},
	Entrydate = {2004/12/17},
	Journal = {Mol. Biol. Evolution},
	Pages = {439--441},
	Title = {Variance of sequence divergence},
	Volume = {1},
	Year = {1984}}

@article{hudson83tpb,
	Author = {R. R. Hudson},
	Date-Modified = {2007-03-22 13:19:31 -0700},
	Entrydate = {2004/12/17},
	Journal = {Theoretical Population Biol.},
	Pages = {183--201},
	Title = {Properties of a neutral allele model with intragenic recombination},
	Volume = {23},
	Year = {1983}}

@article{hudson83,
	Author = {R. R. Hudson},
	Date-Modified = {2007-03-22 13:19:31 -0700},
	Entrydate = {2004/12/17},
	Journal = {Evolution},
	Pages = {203--217},
	Title = {Testing the constant-rate neutral allele model with protein-sequence data},
	Volume = {37},
	Year = {1983}}
